@inproceedings{AtigMMS17,
    shorthand = {AMMS17},
    author    = {Mohamed Faouzi Atig and Roland Meyer and Sebastian Muskalla and Prakash Saivasan},
    title     = {On the Upward/Downward Closures of {P}etri Nets},
    booktitle = {{MFCS}},
    year      = {2017},
    volume    = {83},
    series    = {LIPIcs},
    pages     = {49:1--49:14},
    editor    = {Kim G. Larsen and Hans L. Bodlaender and Jean-Francois Raskin},
    publisher = {Schloss Dagstuhl--Leibniz-Zentrum fuer Informatik},
    doi       = {10.4230/LIPIcs.MFCS.2017.49},
    isbn      = {978-3-95977-046-0},
    issn      = {1868-8969},
    urn       = {urn:nbn:de:0030-drops-81278},
    address   = {Dagstuhl, Germany},
    annote    = {Keywords: Petri nets, BPP nets, downward closure, upward closure},
}

@article{AtigMMS17a,
    shorthand  = {AMMS17a},
    author     = {Mohamed Faouzi Atig and Roland Meyer and Sebastian Muskalla and Prakash Saivasan},
    title      = {On the Upward/Downward Closures of {P}etri Nets},
    journal    = {{CoRR}},
    year       = {2017},
    volume     = {abs/1701.02927},
    url       = {https://arxiv.org/abs/1701.02927},
    eprint     = {1701.02927},
    eprinttype = {arXiv},
}

@inproceedings{CzerwinskiLMMKS18,
    shorthand = {CLMMKS18},
    author    = {Wojciech Czerwi{\'n}ski and S{\l{}}awomir Lasota and Roland Meyer and Sebastian Muskalla and K. Narayan Kumar and Prakash Saivasan},
    title     = {Regular Separability of Well-Structured Transition Systems},
    booktitle = {{CONCUR}},
    year      = {2018},
    volume    = {118},
    series    = {LIPIcs},
    pages     = {35:1--35:18},
    editor    = {Sven Schewe and Lijun Zhang},
    publisher = {Schloss Dagstuhl--Leibniz-Zentrum fuer Informatik},
    doi       = {10.4230/LIPIcs.CONCUR.2018.35},
    isbn      = {978-3-95977-087-3},
    issn      = {1868-8969},
    urn       = {urn:nbn:de:0030-drops-95733},
    address   = {Dagstuhl, Germany},
    annote    = {Keywords: regular separability, wsts, coverability languages, Petri nets},
}

@article{CzerwinskiLMMKS18a,
    shorthand  = {CLMMKS18a},
    author     = {Wojciech Czerwi{\'n}ski and S{\l{}}awomir Lasota and Roland Meyer and Sebastian Muskalla and K. Narayan Kumar and Prakash Saivasan},
    title      = {Regular Separability of Well Structured Transition Systems},
    journal    = {{CoRR}},
    year       = {2018},
    volume     = {abs/1702.05334},
    url        = {https://arxiv.org/abs/1702.05334},
    eprint     = {1702.05334},
    eprinttype = {arXiv},
}

@inproceedings{HagueMM17,
    shorthand = {HMM17},
    author    = {Matthew Hague and Roland Meyer and Sebastian Muskalla},
    title     = {Domains for Higher-Order Games},
    booktitle = {{MFCS}},
    year      = {2017},
    volume    = {83},
    series    = {LIPIcs},
    pages     = {59:1--59:15},
    editor    = {Kim G. Larsen and Hans L. Bodlaender and Jean-Francois Raskin},
    publisher = {Schloss Dagstuhl--Leibniz-Zentrum fuer Informatik},
    doi       = {10.4230/LIPIcs.MFCS.2017.59},
    isbn      = {978-3-95977-046-0},
    issn      = {1868-8969},
    urn       = {urn:nbn:de:0030-drops-81409},
    address   = {Dagstuhl, Germany},
    annote    = {Keywords: higher-order recursion schemes, games, semantics, abstract interpretation, fixed points},
}

@article{HagueMM17a,
    shorthand  = {HMM17a},
    author     = {Matthew Hague and Roland Meyer and Sebastian Muskalla},
    title      = {Domains for Higher-Order Games},
    journal    = {{CoRR}},
    year       = {2017},
    volume     = {abs/1705.00355},
    url        = {https://arxiv.org/abs/1705.00355},
    eprint     = {1705.00355},
    eprinttype = {arXiv},
}

@inproceedings{HagueMMZ18,
    shorthand = {HMMZ18},
    author    = {Roland Meyer and Sebastian Muskalla and Georg Zetzsche},
    title     = {Bounded Context Switching for Valence Systems},
    booktitle = {{CONCUR}},
    year      = {2018},
    volume    = {118},
    series    = {LIPIcs},
    pages     = {12:1--12:18},
    editor    = {Sven Schewe and Lijun Zhang},
    publisher = {Schloss Dagstuhl--Leibniz-Zentrum fuer Informatik},
    doi       = {10.4230/LIPIcs.CONCUR.2018.12},
    isbn      = {978-3-95977-087-3},
    issn      = {1868-8969},
    urn       = {urn:nbn:de:0030-drops-95500},
    address   = {Dagstuhl, Germany},
    annote    = {Keywords: valence systems, graph monoids, bounded context switching},
}

@article{HagueMMZ18a,
    shorthand  = {HMMZ18a},
    author     = {Matthew Hague and Roland Meyer and Sebastian Muskalla and Martin Zimmermann},
    title      = {Parity to Safety in Polynomial Time for Pushdown and Collapsible Pushdown
                  Systems},
    journal    = {{CoRR}},
    year       = {2018},
    volume     = {abs/1805.02963},
    url        = {https://arxiv.org/abs/1805.02963},
    eprint     = {1805.02963},
    eprinttype = {arXiv},
}

@inproceedings{HolikMM16,
    shorthand = {HMM16},
    author    = {Luk{\'a}s Hol{\'i}k and Roland Meyer and Sebastian Muskalla},
    title     = {Summaries for Context-Free Games},
    booktitle = {{FSTTCS}},
    year      = {2016},
    volume    = {65},
    series    = {LIPIcs},
    pages     = {41:1--41:16},
    editor    = {Akash Lal and S. Akshay and Saket Saurabh and Sandeep Sen},
    publisher = {Schloss Dagstuhl--Leibniz-Zentrum fuer Informatik},
    doi       = {10.4230/LIPIcs.FSTTCS.2016.41},
    isbn      = {978-3-95977-027-9},
    issn      = {1868-8969},
    urn       = {urn:nbn:de:0030-drops-68763},
    address   = {Dagstuhl, Germany},
    annote    = {Keywords: summaries, context-free games, Kleene iteration, transition monoid, strategy synthesis},
}

@article{HolikMM16a,
    shorthand  = {HMM16a},
    author     = {Luk{\'a}s Hol{\'i}k and Roland Meyer and Sebastian Muskalla},
    title      = {Summaries for Context-Free Games},
    journal    = {{CoRR}},
    year       = {2016},
    volume     = {abs/1603.07256},
    url        = {https://arxiv.org/abs/1603.07256},
    eprint     = {1603.07256},
    eprinttype = {arXiv},
}

@article{MeyerM16a,
    author     = {Roland Meyer and Sebastian Muskalla},
    title      = {{M}unchausen Iteration},
    journal    = {{CoRR}},
    year       = {2016},
    volume     = {abs/1605.00422},
    url        = {https://arxiv.org/abs/1605.00422},
    eprint     = {1605.00422},
    eprinttype = {arXiv},
}

@article{MeyerMN17a,
    author     = {Roland Meyer and Sebastian Muskalla and Elisabeth Neumann},
    title      = {Liveness Verification and Synthesis: {N}ew Algorithms for Recursive Programs},
    journal    = {{CoRR}},
    year       = {2017},
    volume     = {abs/1701.02947},
    url        = {https://arxiv.org/abs/1701.02947},
    eprint     = {1701.02947},
    eprinttype = {arXiv},
}

@inproceedings{MeyerMZ18,
    shorthand = {MMZ18},
    author    = {Roland Meyer and Sebastian Muskalla and Georg Zetzsche},
    title     = {Bounded Context Switching for Valence Systems},
    booktitle = {{CONCUR}},
    year      = {2018},
    volume    = {118},
    series    = {LIPIcs},
    pages     = {12:1--12:18},
    editor    = {Sven Schewe and Lijun Zhang},
    publisher = {Schloss Dagstuhl--Leibniz-Zentrum fuer Informatik},
    doi       = {10.4230/LIPIcs.CONCUR.2018.12},
    isbn      = {978-3-95977-087-3},
    issn      = {1868-8969},
    urn       = {urn:nbn:de:0030-drops-95500},
    address   = {Dagstuhl, Germany},
    annote    = {Keywords: valence systems, graph monoids, bounded context switching},
}

@article{MeyerMZ18a,
    shorthand  = {MMZ18a},
    author     = {Roland Meyer and Sebastian Muskalla and Georg Zetzsche},
    title      = {Bounded Context Switching for Valence Systems},
    journal    = {{CoRR}},
    year       = {2018},
    volume     = {abs/1803.09703},
    url        = {https://arxiv.org/abs/1803.09703},
    eprint     = {1803.09703},
    eprinttype = {arXiv},
}

@online{Muskalla16,
    author = {Sebastian Muskalla},
    title  = {{RIGG} -- {R}egular {I}nclusion {G}rammar {G}ames},
    year   = {2016},
    url    = {https://github.com/SebastianMuskalla/RIGG},
    note   = {(Accessed on 2022-05-24)},
}
