@article{AbdullaCBJ04,
    author    = {Abdulla, P. A. and Collomb-Annichini, A. and Bouajjani, A. and Jonsson, B.},
    title     = {Using Forward Reachability Analysis for Verification of Lossy Channel Systems},
    journal   = {FMSD},
    year      = 2004,
    volume    = 25,
    publisher = {Kluwer Academic Publishers},
    address   = {Hingham, MA, USA},
    number    = 1,
}

@inproceedings{AbdullaCCHHMV10,
    author    = {P. A. Abdulla and Y. Chen and L. Clemente and Lukáš Holík and C.-D. Hong and R. Mayr and T. Vojnar},
    title     = {Simulation Subsumption in {R}amsey-Based {B}{\"{u}}chi Automata Universality and Inclusion Testing},
    booktitle = {{CAV}},
    year      = 2010,
    volume    = 6174,
    series    = {LNCS},
    pages     = {132--147},
    publisher = {Springer},
}

@inproceedings{AbdullaCCHHMV11,
    author    = {P. A. Abdulla and Y. Chen and L. Clemente and Lukáš Holík and C.-D. Hong and R. Mayr and T. Vojnar},
    title     = {Advanced {R}amsey-Based {B}{\"{u}}chi Automata Inclusion Testing},
    booktitle = {{CONCUR}},
    year      = 2011,
    volume    = 6901,
    series    = {LNCS},
    pages     = {187--202},
    publisher = {Springer},
}

@inproceedings{AbdullaCHMV10,
    author    = {Parosh Aziz Abdulla and
                 Yu{-}Fang Chen and
                 Luk{\'{a}}s Holík and
                 Richard Mayr and
                 Tom{\'{a}}s Vojnar},
    title     = {When Simulation Meets Antichains},
    booktitle = {{TACAS}},
    year      = {2010},
    volume    = {6015},
    series    = {LNCS},
    pages     = {158--174},
    editor    = {Javier Esparza and
                 Rupak Majumdar},
    publisher = {Springer},
    doi       = {10.1007/978-3-642-12002-2\_14},
}

@inproceedings{AbdullaCJT96,
    author    = {P. A. Abdulla and K. Cerans and B. Jonsson and Y.{-}K. Tsay},
    title     = {General Decidability Theorems for Infinite-State Systems},
    booktitle = {LICS},
    year      = 1996,
    pages     = {313--321},
}

@inproceedings{AbdullaJ1993,
    author    = {P. A. Abdulla and B. Jonsson},
    title     = {Verifying Programs with Unreliable Channels},
    booktitle = {LICS},
    year      = 1993,
    pages     = {160--170},
    publisher = {{IEEE}},
}

@article{Ackermann28,
    author  = {Ackermann, Wilhelm },
    title   = {Zum {H}ilbertschen {A}ufbau der reellen {Z}ahlen},
    journal = {Mathematische Annalen},
    year    = {1928},
    volume  = {99},
    pages   = {118--133},
}

@article{Aehlig07,
    author  = {Klaus Aehlig},
    title   = {A Finite Semantics of Simply-Typed Lambda Terms for Infinite Runs
               of Automata},
    journal = {Log. Methods Comput. Sci.},
    year    = {2007},
    volume  = {3},
    doi     = {10.2168/LMCS-3(3:1)2007},
    number  = {3},
}

@book{Alexandrescu01,
    author    = {Alexandrescu, Andrei},
    title     = {Modern {C++} Design: {G}eneric Programming and Design Patterns Applied},
    year      = {2001},
    publisher = {Addison-Wesley Longman},
    isbn      = {0201704315},
}

@incollection{AlurBDF0JKMMRSSSSTU15,
    author    = {Rajeev Alur and
                 Rastislav Bod{\'{\i}}k and
                 Eric Dallal and
                 Dana Fisman and
                 Pranav Garg and
                 Garvit Juniwal and
                 Hadas Kress{-}Gazit and
                 P. Madhusudan and
                 Milo M. K. Martin and
                 Mukund Raghothaman and
                 Shambwaditya Saha and
                 Sanjit A. Seshia and
                 Rishabh Singh and
                 Armando Solar{-}Lezama and
                 Emina Torlak and
                 Abhishek Udupa},
    title     = {Syntax-Guided Synthesis},
    booktitle = {Dependable Software Systems Engineering},
    year      = {2015},
    volume    = {40},
    pages     = {1--25},
    editor    = {Maximilian Irlbeck and
                 Doron A. Peled and
                 Alexander Pretschner},
    publisher = {{IOS} Press},
}


@inproceedings{AlurM04,
    author    = {Rajeev Alur and
                 P. Madhusudan},
    title     = {Visibly pushdown languages},
    booktitle = {{STOC}},
    year      = {2004},
    pages     = {202--211},
    editor    = {L{\'{a}}szl{\'{o}} Babai},
    publisher = {{ACM}},
    doi       = {10.1145/1007352.1007390},
}


@article{Angluin87,
    author  = {Dana Angluin},
    title   = {Learning Regular Sets from Queries and Counterexamples},
    journal = {Inf. Comput.},
    year    = {1987},
    volume  = {75},
    pages   = {87--106},
    doi     = {10.1016/0890-5401(87)90052-6},
    number  = {2},
}

@article{AtigBKS12,
    author     = {Mohamed Faouzi Atig and
                  Ahmed Bouajjani and
                  K. Narayan Kumar and
                  Prakash Saivasan},
    title      = {Model checking Branching-Time Properties of Multi-Pushdown Systems is Hard},
    journal    = {CoRR},
    year       = {2012},
    volume     = {abs/1205.6928},
    url        = {https://arxiv.org/abs/1205.6928},
    eprint     = {1205.6928},
    eprinttype = {arXiv},
}

@inproceedings{AtigBKS14,
    author    = {M. F. Atig and A. Bouajjani and K. Narayan Kumar and P. Saivasan},
    title     = {On Bounded Reachability Analysis of Shared Memory Systems},
    booktitle = {FSTTCS},
    year      = 2014,
    series    = {LIPIcs},
    publisher = {Dagstuhl},
}

@inproceedings{AtigBKS17,
    author    = {Mohamed Faouzi Atig and
                 Ahmed Bouajjani and
                 K. Narayan Kumar and
                 Prakash Saivasan},
    title     = {Parity Games on Bounded Phase Multi-pushdown Systems},
    booktitle = {{NETYS}},
    year      = {2017},
    volume    = {10299},
    series    = {Lecture Notes in Computer Science},
    pages     = {272--287},
    editor    = {Amr El Abbadi and
                 Beno{\^{\i}}t Garbinato},
    doi       = {10.1007/978-3-319-59647-1\_21},
}

@article{AtigBQ11,
    author  = {M. F. Atig and A. Bouajjani and S. Qadeer},
    title   = {Context-Bounded Analysis For Concurrent Programs With Dynamic Creation of Threads},
    journal = {{LMCS}},
    year    = 2011,
    volume  = 7,
    number  = 4,
}

@inproceedings{AtigBT08,
    author    = {M. F. Atig and A. Bouajjani and T. Touili},
    title     = {On the Reachability Analysis of Acyclic Networks of Pushdown Systems},
    booktitle = {{CONCUR}},
    year      = 2008,
    series    = {LNCS},
    publisher = {Springer},
}

@inproceedings{AtigCHKSZ16,
    author    = {M. F. Atig and D. Chistikov and P. Hofman and K. N. Kumar and P. Saivasan and G. Zetzsche},
    title     = {Complexity of regular abstractions of one-counter languages},
    booktitle = {{LICS}},
    year      = 2016,
    pages     = {207--216},
    publisher = {ACM},
}

@inproceedings{BachmeierLS15,
    author    = {G. Bachmeier and M. Luttenberger and M. Schlund},
    title     = {Finite Automata for the Sub- and Superword Closure of {CFL}s: {D}escriptional and Computational Complexity},
    booktitle = {{LATA}},
    year      = 2015,
    series    = {LNCS},
    publisher = {Springer},
}

@article{BarHillel61,
    author  = {Bar-Hillel, Yehoshua and Perles, M. and Shamir, E.},
    title   = {On Formal Properties of Simple Phrase Structure Grammars},
    journal = {Zeitschrift für {P}honetik, {S}prachwissenschaft und {K}ommunikationsforschung},
    year    = 1961,
    volume  = 14,
    pages   = {143--172},
}

@book{Beizer90,
    author    = {Boris Beizer},
    title     = {Software testing techniques {(2.} ed.)},
    year      = {1990},
    publisher = {Van Nostrand Reinhold},
    isbn      = {978-0-442-20672-7},
}

@inproceedings{BernsteinV93,
    author    = {Ethan Bernstein and
                 Umesh V. Vazirani},
    title     = {Quantum complexity theory},
    booktitle = {{STOC}},
    year      = {1993},
    pages     = {11--20},
    editor    = {S. Rao Kosaraju and
                 David S. Johnson and
                 Alok Aggarwal},
    publisher = {{ACM}},
}

@book{Berstel79,
    author    = {Berstel, J},
    title     = {Transductions and Context-Free Languages},
    year      = {1979},
    publisher = {Teubner},
}

@article{Birget92,
    author  = {Jean{-}Camille Birget},
    title   = {Intersection and Union of Regular Languages and State Complexity},
    journal = {Inf. Process. Lett.},
    year    = {1992},
    volume  = {43},
    pages   = {185--190},
    doi     = {10.1016/0020-0190(92)90198-5},
    number  = {4},
}

@article{Birget93,
    author  = {Jean{-}Camille Birget},
    title   = {Partial Orders on Words, Minimal Elements of Regular Languages and State Complexity},
    journal = {Theor. Comput. Sci.},
    year    = 1993,
    volume  = 119,
    pages   = {267--291},
    number  = 2,
}

@book{Birkhoff40,
    author    = {Birkhoff, G.},
    title     = {Lattice Theory},
    year      = {1940},
    publisher = {AMS},
}

@inproceedings{BlondinFGHM15,
    author    = {Michael Blondin and Alain Finkel and Stefan G{\"{o}}ller and Christoph Haase and Pierre McKenzie},
    title     = {Reachability in Two-Dimensional Vector Addition Systems with States Is {PSPACE}-Complete},
    booktitle = {LICS},
    year      = 2015,
    pages     = {32--43},
}


@article{BlondinFM17,
    author  = {Michael Blondin and Alain Finkel and Pierre McKenzie},
    title   = {Well Behaved Transition Systems},
    journal = {{LMCS}},
    year    = {2017},
    volume  = {13},
    number  = {3},
}

@article{Borger97,
    author  = {Egon Börger},
    title   = {Ten Years of {G}urevich's Abstract State Machines},
    journal = {J. Univers. Comput. Sci.},
    year    = {1997},
    volume  = {3},
    pages   = {230--232},
    number  = {4},
}

@article{BoroshT76,
    author    = {I. Borosh and L. B. Treybig},
    title     = {Bounds on Positive Integral Solutions of Linear Diophantine Equations},
    journal   = {Proc. AMS},
    year      = 1976,
    volume    = 55,
    pages     = {299--304},
    publisher = {AMS},
    issn      = {00029939, 10886826},
    number    = 2,
}


@inproceedings{BouajjaniEM97,
    author    = {Ahmed Bouajjani and
                 Javier Esparza and
                 Oded Maler},
    title     = {Reachability Analysis of Pushdown Automata: {A}pplication to Model-Checking},
    booktitle = {{CONCUR}},
    year      = {1997},
    volume    = {1243},
    series    = {LNCS},
    pages     = {135--150},
    editor    = {Antoni W. Mazurkiewicz and
                 J{\'{o}}zef Winkowski},
    publisher = {Springer},
}

@inproceedings{BouajjaniM04,
    author    = {A. Bouajjani and A. Meyer},
    title     = {Symbolic Reachability Analysis of Higher-Order
                 Context-Free Processes},
    booktitle = {{FSTTCS}},
    year      = {2004},
    volume    = {3328},
    series    = {LNCS},
    pages     = {135--147},
    publisher = {Springer},
}

@inproceedings{BozzelliG11,
    author    = {L. Bozzelli and
                 P. Ganty},
    title     = {Complexity Analysis of the Backward Coverability Algorithm for {VASS}},
    booktitle = {RP},
    year      = {2011},
    pages     = {96--109},
}

@inbook{BradfieldW18,
    author    = {Julian C. Bradfield and
                 Igor Walukiewicz},
    title     = {The mu-calculus and Model Checking},
    booktitle = {Handbook of Model Checking},
    year      = {2018},
    pages     = {871--919},
    editor    = {Edmund M. Clarke and
                 Thomas A. Henzinger and
                 Helmut Veith and
                 Roderick Bloem},
    publisher = {Springer},
    doi       = {10.1007/978-3-319-10575-8\_26},
}

@inproceedings{BroadbentCHS12,
    author    = {C. Broadbent and
                 A. Carayol and
                 M. Hague and
                 O. Serre},
    title     = {A Saturation Method for Collapsible Pushdown Systems},
    booktitle = {ICALP},
    year      = {2012},
    volume    = {7392},
    series    = {LNCS},
    pages     = {165--176},
    publisher = {Springer},
}

@inproceedings{BuckheisterZ13,
    author    = {P. Buckheister and
                 Georg Zetzsche},
    title     = {Semilinearity and Context-Freeness of Languages Accepted by Valence
                 Automata},
    booktitle = {MFCS},
    year      = {2013},
    pages     = {231--242},
}

@inproceedings{Buechi62,
    author    = {Julius Richard Büchi},
    title     = {On a Decision Method in Restricted Second-Order Arithmetic},
    booktitle = {{CLMPST}},
    year      = {1962},
    pages     = {1--11},
    publisher = {Stanford University Press},
}

@inbook{Buechi90,
    author    = {B{\"u}chi, J. Richard},
    title     = {Weak Second-Order Arithmetic and Finite Automata},
    booktitle = {The Collected Works of J. Richard B{\"u}chi},
    year      = {1990},
    pages     = {398--424},
    editor    = {Mac Lane, Saunders
                 and Siefkes, Dirk},
    publisher = {Springer},
    abstract  = {The formalism of regular expressions was introduced by S. C. Kleene [6] to obtain the following basic theorems.},
}

@manual{C90,
    author    = {{ISO}},
    title     = {{ISO/IEC 9899:1990 Programming languages -- C}},
    year      = 1990,
    publisher = {International Organization for Standardization},
}

@inproceedings{Cachat02,
    author    = {Thierry Cachat},
    title     = {Symbolic Strategy Synthesis for Games on Pushdown Graphs},
    booktitle = {ICALP},
    year      = {2002},
    volume    = {2380},
    series    = {LNCS},
    pages     = {704--715},
    editor    = {Peter Widmayer and
                 Francisco Triguero Ruiz and
                 Rafael Morales Bueno and
                 Matthew Hennessy and
                 Stephan J. Eidenbenz and
                 Ricardo Conejo},
    publisher = {Springer},
    doi       = {10.1007/3-540-45465-9\_60},
}

@inproceedings{Cachat03,
    author    = {T. Cachat},
    title     = {Higher Order Pushdown Automata, the {Caucal} Hierarchy of Graphs and Parity Games},
    booktitle = {{ICALP}},
    year      = 2003,
    volume    = {2719},
    series    = {LNCS},
    pages     = {556-569},
    publisher = {Springer},
}

@article{CachatW07,
    author     = {Thierry Cachat and Igor Walukiewicz},
    title      = {The Complexity of Games on Higher Order Pushdown Automata},
    journal    = {CoRR},
    year       = {2007},
    volume     = {abs/0705.0262},
    url        = {https://arxiv.org/abs/0705.0262},
    eprint     = {0705.0262},
    eprinttype = {arXiv},
}

@inproceedings{CadilhacFM11,
    author    = {Micha{\"{e}}l Cadilhac and Alain Finkel and Pierre McKenzie},
    title     = {On the Expressiveness of {P}arikh Automata and Related Models},
    booktitle = {{NCMA}},
    year      = 2011,
    pages     = {103--119},
}

@inproceedings{CaludeJKLS17,
    author    = {C. S. Calude and
                 S. Jain and
                 B. Khoussainov and
                 W. Li and
                 F. Stephan},
    title     = {Deciding parity games in quasipolynomial time},
    booktitle = {STOC},
    year      = {2017},
    pages     = {252--263},
}

@inproceedings{Caucal02,
    author    = {D. Caucal},
    title     = {On infinite terms having a decidable monadic theory},
    booktitle = {{MFCS}},
    year      = 2002,
    volume    = 2420,
    series    = {LNCS},
    pages     = {165--176},
    publisher = {Springer},
}

@article{ChandraKS81,
    author  = {Ashok K. Chandra and Dexter Kozen and Larry J. Stockmeyer},
    title   = {Alternation},
    journal = {J. {ACM}},
    year    = 1981,
    volume  = 28,
    pages   = {114--133},
    number  = 1,
}

@article{Charney07,
    author  = {R. Charney},
    title   = {An introduction to right-angled {A}rtin groups},
    journal = {Geometriae Dedicata},
    year    = {2007},
    volume  = 125,
    pages   = {141--158},
}

@thesis{Christensen93,
    author      = {S. Christensen},
    title       = {Decidability and Decomposition in Process Algebras},
    year        = {1993},
    institution = {Edinburgh University},
    type        = {PhD thesis},
}

@article{Church36,
    author    = {Alonzo Church},
    title     = {An Unsolvable Problem of Elementary Number Theory},
    journal   = {American Journal of Mathematics},
    year      = {1936},
    volume    = {58},
    pages     = {345--363},
    publisher = {Johns Hopkins University Press},
    issn      = {00029327, 10806377},
    number    = {2},
}

@article{Church63,
    author    = {Alonzo Church},
    title     = {Application of Recursive Arithmetic to the Problem of Circuit Synthesis},
    journal   = {Journal of Symbolic Logic},
    year      = {1963},
    volume    = {28},
    pages     = {289--290},
    publisher = {Association for Symbolic Logic},
    number    = {4},
}

@inproceedings{ClarkeGJLV00,
    author    = {Edmund M. Clarke and
                 Orna Grumberg and
                 Somesh Jha and
                 Yuan Lu and
                 Helmut Veith},
    title     = {Counterexample-Guided Abstraction Refinement},
    booktitle = {CAV},
    year      = {2000},
    pages     = {154--169},
}

@inproceedings{ClementeCLP17,
    author    = {L. Clemente and Wojciech Czerwiński and Sławomir Lasota and C. Paperman},
    title     = {Regular Separability of {Parikh} Automata},
    booktitle = {{ICALP}},
    year      = 2017,
    pages     = {117:1--117:13},
}

@inproceedings{ClementeCLP17b,
    author    = {L. Clemente and Wojciech Czerwiński and Sławomir Lasota and C. Paperman},
    title     = {Separability of Reachability Sets of Vector Addition Systems},
    booktitle = {{STACS} 2017},
    year      = 2017,
    pages     = {24:1--24:14},
}

@inproceedings{ClementePSW16,
    author    = {L. Clemente and P. Parys and S. Salvati and I. Walukiewicz},
    title     = {The Diagonal Problem for Higher-Order Recursion Schemes is Decidable},
    booktitle = {{LICS}},
    year      = 2016,
    pages     = {96--105},
    publisher = {ACM},
}

@inproceedings{CobleighGP03,
    author    = {Jamieson M. Cobleigh and
                 Dimitra Giannakopoulou and
                 Corina S. Pasareanu},
    title     = {Learning Assumptions for Compositional Verification},
    booktitle = {TACAS},
    year      = {2003},
    volume    = {2619},
    series    = {LNCS},
    pages     = {331--346},
    editor    = {Hubert Garavel and
                 John Hatcliff},
    publisher = {Springer},
}

@inproceedings{CoesterSS19,
    author    = {Christian Coester and
                 Thomas Schwentick and
                 Martin Schuster},
    title     = {Winning Strategies for Streaming Rewriting Games},
    booktitle = {{FCT}},
    year      = {2019},
    volume    = {11651},
    series    = {LNCS},
    pages     = {49--63},
    editor    = {Leszek Antoni Gasieniec and
                 Jesper Jansson and
                 Christos Levcopoulos},
    publisher = {Springer},
    doi       = {10.1007/978-3-030-25027-0\_4},
}

@article{CohenG77,
    author  = {R. S. Cohen and A. Y. Gold},
    title   = {Theory of $\omega$-languages {(I and II)}},
    journal = {JCSS},
    year    = 1977,
    volume  = 15,
    pages   = {169--208},
    number  = 2,
}

@online{Cook00,
    author = {Stephen Cook},
    title  = {The {P} versus {NP} problem},
    year   = 2000,
    url    = {https://www.claymath.org/sites/default/files/pvsnp.pdf},
    note   = {(Accessed 2022-05-19)},
}

@inproceedings{Cook71,
    author    = {Stephen A. Cook},
    title     = {The Complexity of Theorem-Proving Procedures},
    booktitle = {{STOC}},
    year      = {1971},
    pages     = {151--158},
    editor    = {Michael A. Harrison and
                 Ranan B. Banerji and
                 Jeffrey D. Ullman},
    publisher = {{ACM}},
    doi       = {10.1145/800157.805047},
}

@inproceedings{CookR72,
    author    = {Stephen A. Cook and
                 Robert A. Reckhow},
    title     = {Time-Bounded Random Access Machines},
    booktitle = {{STOC}},
    year      = {1972},
    pages     = {73--80},
    editor    = {Patrick C. Fischer and
                 H. Paul Zeiger and
                 Jeffrey D. Ullman and
                 Arnold L. Rosenberg},
    publisher = {{ACM}},
    doi       = {10.1145/800152.804898},
}

@article{CookS99,
    author  = {Stephen Cook and Michael Soltys},
    title   = {Boolean programs and quantified propositional proof systems},
    journal = {Bulletin of the Section of Logic},
    year    = {1999},
}

@article{Courcelle91,
    author  = {B. Courcelle},
    title   = {On Constructing Obstruction Sets of Words},
    journal = {Bulletin of the EATCS},
    year    = 1991,
}

@inproceedings{CourcelleN78,
    author    = {Bruno Courcelle and
                 Maurice Nivat},
    title     = {The Algebraic Semantics of Recursive Program Schemes},
    booktitle = {{MFCS}},
    year      = {1978},
    volume    = {64},
    series    = {LNCS},
    pages     = {16--30},
    editor    = {J{\'{o}}zef Winkowski},
    publisher = {Springer},
    doi       = {10.1007/3-540-08921-7\_53},
}

@inproceedings{CousotC77,
    author    = {Patrick Cousot and
                 Radhia Cousot},
    title     = {Abstract Interpretation: {A} Unified Lattice Model for Static Analysis
                 of Programs by Construction or Approximation of Fixpoints},
    booktitle = {POPL},
    year      = {1977},
    pages     = {238--252},
}

@inproceedings{CzerwinskiL17,
    author    = {Wojciech Czerwiński and Sławomir Lasota},
    title     = {Regular separability of one counter automata},
    booktitle = {{LICS}},
    year      = 2017,
    pages     = {1--12},
}

@inproceedings{CzerwinskiLLLM19,
    author    = {Wojciech Czerwiński and Sławomir Lasota and Ranko Lazic and J{\'{e}}r{\^{o}}me Leroux and Filip Mazowiecki},
    title     = {The reachability problem for {P}etri nets is not elementary},
    booktitle = {STOC},
    year      = 2019,
    pages     = {24--33},
}

@inproceedings{CzerwinskiMM13,
    author    = {Wojciech Czerwiński and W. Martens and T. Masopust},
    title     = {Efficient Separability of Regular Languages by Subsequences and Suffixes},
    booktitle = {{ICALP}},
    year      = 2013,
    pages     = {150--161},
}

@inproceedings{CzerwinskiO21,
    author    = {Wojciech Czerwiński and
                 Lukasz Orlikowski},
    title     = {Reachability in Vector Addition Systems is {A}ckermann-complete},
    booktitle = {{FOCS}},
    year      = {2021},
    pages     = {1229--1240},
    publisher = {{IEEE}},
    doi       = {10.1109/FOCS52979.2021.00120},
}

@article{Damm82,
    author  = {W. Damm},
    title   = {The {IO}- and {OI}-Hierarchies.},
    journal = {Theor. Comp. Sci.},
    year    = 1982,
    volume  = 20,
    pages   = {95--207},
}

@article{DammG86,
    author  = {Werner Damm and Andreas Goerdt},
    title   = {An Automata-Theoretical Characterization of the {OI}-Hierarchy},
    journal = {Information and Control},
    year    = 1986,
    volume  = 71,
    pages   = {1--32},
    number  = {1/2},
}

@article{Demri13,
    author    = {S. Demri},
    title     = {On selective unboundedness of~{VASS}},
    journal   = {JCSS},
    year      = 2013,
    volume    = 79,
    publisher = {Elsevier Science},
    number    = 5,
}

@inproceedings{DeWulfDHR06,
    author    = {De Wulf, Martin and
                 Laurent Doyen and
                 Thomas A. Henzinger and
                 Jean{-}Fran{\c{c}}ois Raskin},
    title     = {Antichains: {A} New Algorithm for Checking Universality of Finite
                 Automata},
    booktitle = {CAV},
    year      = {2006},
    volume    = {4144},
    series    = {LNCS},
    pages     = {17--30},
    editor    = {Thomas Ball and
                 Robert B. Jones},
    publisher = {Springer},
    doi       = {10.1007/11817963\_5},
}


@article{Dickson13,
    author    = {Leonard Eugene Dickson},
    title     = {Finiteness of the Odd Perfect and Primitive Abundant Numbers with n Distinct Prime Factors},
    journal   = {American Journal of Mathematics},
    year      = 1913,
    volume    = 35,
    pages     = {413--422},
    publisher = {Johns Hopkins University Press},
    number    = 4,
}

@inproceedings{Dijk18,
    author    = {Tom van Dijk},
    title     = {Oink: {A}n Implementation and Evaluation of Modern Parity Game Solvers},
    booktitle = {{TACAS}},
    year      = {2018},
    volume    = {10805},
    series    = {LNCS},
    pages     = {291--308},
    editor    = {Dirk Beyer and
                 Marieke Huisman},
    publisher = {Springer},
    doi       = {10.1007/978-3-319-89960-2\_16},
}

@inproceedings{DillHW91,
    author    = {David L. Dill and
                 Alan J. Hu and
                 Howard Wong{-}Toi},
    title     = {Checking for Language Inclusion Using Simulation Preorders},
    booktitle = {{CAV}},
    year      = {1991},
    volume    = {575},
    series    = {LNCS},
    pages     = {255--265},
    editor    = {Kim Guldstrand Larsen and
                 Arne Skou},
    publisher = {Springer},
    doi       = {10.1007/3-540-55179-4\_25},
}

@inproceedings{DOsualdoMZ16,
    author    = {Emanuele D'Osualdo and
                 Roland Meyer and
                 Georg Zetzsche},
    title     = {First-order logic with reachability for infinite-state systems},
    booktitle = {LICS},
    year      = {2016},
    pages     = {457--466},
}

@inproceedings{DufourdFS98,
    author    = {Catherine Dufourd and
                 Alain Finkel and
                 Philippe Schnoebelen},
    title     = {Reset Nets Between Decidability and Undecidability},
    booktitle = {{ICALP}},
    year      = {1998},
    volume    = {1443},
    series    = {LNCS},
    pages     = {103--115},
    editor    = {Kim Guldstrand Larsen and
                 Sven Skyum and
                 Glynn Winskel},
    publisher = {Springer},
    doi       = {10.1007/BFb0055044},
}

@inproceedings{DziembowskiJW97,
    author    = {S. Dziembowski and M. Jurdzinski and I. Walukiewicz},
    title     = {How much memory is needed to win infinite games?},
    booktitle = {LICS},
    year      = {1997},
    pages     = {99-110},
}

@inproceedings{EmersonJ91,
    author    = {E. A. Emerson and C. S. Jutla},
    title     = {Tree Automata, Mu-Calculus and Determinacy ({E}xtended Abstract)},
    booktitle = {FOCS},
    year      = {1991},
    pages     = {368--377},
}

@article{EmersonJS01,
    author  = {E. Allen Emerson and
               Charanjit S. Jutla and
               A. Prasad Sistla},
    title   = {On model checking for the {\(\mathrm{\mu}\)}-calculus and its fragments},
    journal = {Theor. Comput. Sci.},
    year    = {2001},
    volume  = {258},
    pages   = {491--522},
    doi     = {10.1016/S0304-3975(00)00034-7},
    number  = {1-2},
}

@book{Enderton72,
    author    = {Herbert B. Enderton},
    title     = {A mathematical introduction to logic},
    year      = 1972,
    publisher = {Academic Press},
}

@article{Engelfriet91,
    author  = {Joost Engelfriet},
    title   = {Iterated stack automata and complexity classes},
    journal = {Information and Computation},
    year    = {1991},
    volume  = {95},
    pages   = {21-75},
    doi     = {https://doi.org/10.1016/0890-5401(91)90015-T},
    issn    = {0890-5401},
    number  = {1},
}

@article{Esparza97a,
    author  = {J. Esparza},
    title   = {{Petri Nets}, Commutative Context-Free Grammars, and Basic Parallel Processes},
    journal = {Fundam. Inf.},
    year    = 1997,
    volume  = 31,
    number  = 1,
}

@article{Esparza97b,
    author  = {J. Esparza},
    title   = {Decidability of Model Checking for Infinite-State Concurrent Systems},
    journal = {Acta Inf.},
    year    = 1997,
    volume  = 34,
    pages   = {85--107},
    number  = 2,
}

@inproceedings{Esparza98,
    author    = {J. Esparza},
    title     = {Decidability and Complexity of {P}etri Net Problems -- {A}n Introduction},
    booktitle = {Lectures on {P}etri Nets {I}: {B}asic Models},
    year      = 1998,
    volume    = 1491,
    series    = {LNCS},
    pages     = {374--428},
    publisher = {Springer},
}

@book{EsparzaH08,
    author    = {J. Esparza and K. Heljanko},
    title     = {Unfoldings -- {A} Partial-Order Approach to Model Checking},
    year      = 2008,
    series    = {Monographs in Theoretical Computer Science},
    publisher = {Springer},
}

@inproceedings{Finkel16,
    author    = {Alain Finkel},
    title     = {The Ideal Theory for {WSTS}},
    booktitle = {RP},
    year      = 2016,
    pages     = {1--22},
}

@inproceedings{Finkel87,
    author    = {A. Finkel},
    title     = {A Generalization of the Procedure of {Karp} and {Miller} to Well Structured Transition Systems},
    booktitle = {ICALP},
    year      = 1987,
    pages     = {499--508},
}

@article{Finkel90,
    author  = {A. Finkel},
    title   = {Reduction and covering of infinite reachability trees},
    journal = {Inf. Comput.},
    year    = 1990,
    volume  = 89,
    pages   = {144--179},
    number  = 2,
}

@inproceedings{FinkelG09,
    author    = {A. Finkel and J. Goubault{-}Larrecq},
    title     = {Forward Analysis for {WSTS}, Part {I:} {C}ompletions},
    booktitle = {{STACS}},
    year      = 2009,
    pages     = {433--444},
}

@article{FinkelG12,
    author  = {A. Finkel and J. Goubault{-}Larrecq},
    title   = {Forward Analysis for {WSTS}, Part {II:} {C}omplete {WSTS}},
    journal = {Logical Methods in Computer Science},
    year    = 2012,
    volume  = 8,
    number  = 3,
}

@article{FinkelS01,
    author  = {A. Finkel and Ph. Schnoebelen},
    title   = {Well-structured transition systems everywhere!},
    journal = {Theoretical Computer Science},
    year    = 2001,
    volume  = 256,
    pages   = {63--92},
    doi     = {https://dx.doi.org/10.1016/S0304-3975(00)00102-X},
    issn    = {0304-3975},
    number  = {1–2},
}

@inproceedings{FogartyV10,
    author    = {S. Fogarty and M. Y. Vardi},
    title     = {Efficient {B}{\"{u}}chi Universality Checking},
    booktitle = {{TACAS}},
    year      = 2010,
    volume    = 6015,
    series    = {LNCS},
    pages     = {205--220},
    publisher = {Springer},
}

@book{Fortnow13,
    author    = {L. Fortnow},
    title     = {The Golden Ticket: {P}, {NP} and the search for the impossible},
    year      = {2013},
    publisher = {Princeton University Press},
    address   = {Princeton},
}

@article{GeeraertsRV06,
    author  = {G. Geeraerts and J.-F. Raskin and L. Van Begin},
    title   = {Expand, Enlarge and Check: {N}ew algorithms for the coverability problem of {WSTS}},
    journal = {Journal of Computer and System Sciences},
    year    = 2006,
    volume  = 72,
    pages   = {180--203},
    number  = 1,
}

@article{GeeraertsRV07,
    author  = {G. Geeraerts and J.-F. Raskin and L. {Van~Begin}},
    title   = {Well-Structured Languages},
    journal = {Acta Informatica},
    year    = 2007,
    volume  = 44,
    pages   = {249--288},
    number  = {3-4},
}

@inbook{GiannakopoulouNP18,
    author    = {Giannakopoulou, Dimitra
                 and Namjoshi, Kedar S.
                 and P{\u{a}}s{\u{a}}reanu, Corina S.},
    title     = {Compositional Reasoning},
    booktitle = {Handbook of Model Checking},
    year      = {2018},
    pages     = {345--383},
    editor    = {Clarke, Edmund M.
                 and Henzinger, Thomas A.
                 and Veith, Helmut
                 and Bloem, Roderick},
    publisher = {Springer},
    doi       = {10.1007/978-3-319-10575-8_12},
    isbn      = {978-3-319-10575-8},
}

@article{Goedel31,
    author    = {Gödel, Kurt},
    title     = {Über formal unentscheidbare {S}ätze der {Principia Mathematica} und verwandter {S}ysteme},
    journal   = {Monatshefte für Mathematik und Physik},
    year      = 1931,
    volume    = 38,
    pages     = {173--198},
    number    = 1,
    timestamp = {2010-07-22T15:48:09.000+0200},
}

@book{GradelTW02,
    author    = {Erich Gr{\"{a}}del and
                 Wolfgang Thomas and
                 Thomas {Wilke (Editors)}},
    title     = {Automata, Logics, and Infinite Games: {A} Guide to Current Research},
    year      = {2002},
    volume    = {2500},
    series    = {LNCS},
    editor    = {Erich Gr{\"{a}}del and
                 Wolfgang Thomas and
                 Thomas Wilke},
    publisher = {Springer},
    doi       = {10.1007/3-540-36387-4},
    isbn      = {3-540-00388-6},
}

@inproceedings{GrafS97,
    author    = {Susanne Graf and
                 Hassen Saïdi},
    title     = {Construction of Abstract State Graphs with {PVS}},
    booktitle = {{CAV}},
    year      = {1997},
    volume    = {1254},
    series    = {LNCS},
    pages     = {72--83},
    editor    = {Orna Grumberg},
    publisher = {Springer},
}

@article{GruberH15,
    author  = {Gruber, Hermann and Holzer, Markus},
    title   = {From Finite Automata to Regular Expressions and Back — {A} Summary on Descriptional Complexity},
    journal = {International Journal of Foundations of Computer Science},
    year    = 2015,
    volume  = 26,
    pages   = {1009--1040},
    number  = 8,
}

@inproceedings{GruberHK07,
    author    = {H. Gruber and M. Holzer and M. Kutrib},
    title     = {More on the Size of {H}igman-{H}aines Sets: {E}ffective Constructions},
    booktitle = {{MCU}},
    year      = 2007,
    series    = {LNCS},
    publisher = {Springer},
}

@article{Gurevich00,
    author  = {Yuri Gurevich},
    title   = {Sequential abstract-state machines capture sequential algorithms},
    journal = {{ACM} Trans. Comput. Log.},
    year    = {2000},
    volume  = {1},
    pages   = {77--111},
    doi     = {10.1145/343369.343384},
    number  = {1},
}

@inproceedings{GurevichH82,
    author    = {Y. Gurevich and
                 L. Harrington},
    title     = {Trees, Automata, and Games},
    booktitle = {STOC},
    year      = {1982},
    pages     = {60--65},
}

@inproceedings{Haase14,
    author    = {Christoph Haase},
    title     = {Subclasses of {P}resburger arithmetic and the weak {EXP} hierarchy},
    booktitle = {CSL-LICS},
    year      = 2014,
    pages     = {47:1--47:10},
}

@inproceedings{FigueiraFSS11,
  author       = {Diego Figueira and
                  Santiago Figueira and
                  Sylvain Schmitz and
                  Philippe Schnoebelen},
  title        = {Ackermannian and Primitive-Recursive Bounds with {D}ickson's Lemma},
  booktitle    = {{LICS}},
  pages        = {269--278},
  publisher    = {{IEEE} Computer Society},
  year         = {2011},
  doi          = {10.1109/LICS.2011.39},
  timestamp    = {Fri, 24 Mar 2023 00:01:49 +0100},
  biburl       = {https://dblp.org/rec/conf/lics/FigueiraFSS11.bib},
  bibsource    = {dblp computer science bibliography, https://dblp.org}
}

@inproceedings{CzerwinskiZ20,
  author       = {Wojciech Czerwinski and
                  Georg Zetzsche},
  editor       = {Holger Hermanns and
                  Lijun Zhang and
                  Naoki Kobayashi and
                  Dale Miller},
  title        = {An Approach to Regular Separability in Vector Addition Systems},
  booktitle    = {{LICS}},
  pages        = {341--354},
  publisher    = {{ACM}},
  year         = {2020},
  doi          = {10.1145/3373718.3394776},
  timestamp    = {Tue, 02 Jun 2020 17:19:31 +0200},
  biburl       = {https://dblp.org/rec/conf/lics/CzerwinskiZ20.bib},
  bibsource    = {dblp computer science bibliography, https://dblp.org}
}

@article{CzerwinskiMRZZ17,
  author       = {Wojciech Czerwinski and
                  Wim Martens and
                  Lorijn van Rooijen and
                  Marc Zeitoun and
                  Georg Zetzsche},
  title        = {A Characterization for Decidable Separability by Piecewise Testable                  Languages},
  journal      = {Discret. Math. Theor. Comput. Sci.},
  volume       = {19},
  number       = {4},
  year         = {2017},
  doi          = {10.23638/DMTCS-19-4-1},
  timestamp    = {Sun, 12 Feb 2023 18:48:55 +0100},
  biburl       = {https://dblp.org/rec/journals/dmtcs/CzerwinskiMRZZ17.bib},
  bibsource    = {dblp computer science bibliography, https://dblp.org}
}

@inproceedings{HabermehlMW10,
    author    = {P. Habermehl and R. Meyer and H. Wimmel},
    title     = {The Downward-Closure of {P}etri Net Languages},
    booktitle = {{ICALP}},
    year      = 2010,
    series    = {LNCS},
    publisher = {Springer},
}

@inproceedings{Haddad12,
    author    = {A. Haddad},
    title     = {{IO} vs {OI} in Higher-Order Recursion Schemes},
    booktitle = {{FICS}},
    year      = 2012,
    volume    = 77,
    series    = {EPTCS},
    pages     = {23--30},
}

@inproceedings{HagueKO16,
    author    = {M. Hague and J. Kochems and C.-H. Luke Ong},
    title     = {Unboundedness and downward closures of higher-order pushdown automata},
    booktitle = {POPL},
    year      = 2016,
    publisher = {{ACM}},
}

@inproceedings{HagueMOS08,
    author    = {M. Hague and
                 A. S. Murawski and
                 C.-H. L. Ong and
                 O. Serre},
    title     = {Collapsible Pushdown Automata and Recursion Schemes},
    booktitle = {{LICS}},
    year      = {2008},
    pages     = {452--461},
    publisher = {IEEE},
}

@article{HagueMOS17,
    author  = {Matthew Hague and Andrzej S. Murawski and C.-H. Luke Ong and Olivier Serre},
    title   = {Collapsible Pushdown Automata and Recursion Schemes},
    journal = {{ACM} Trans. Comput. Log.},
    year    = 2017,
    volume  = 18,
    pages   = {25:1--25:42},
    number  = 3,
}


@inproceedings{HagueO07,
    author    = {M. Hague and
                 C.-H. L. Ong},
    title     = {Symbolic Backwards-Reachability Analysis for Higher-Order
                 Pushdown Systems},
    booktitle = {FoSSaCS},
    year      = {2007},
    volume    = {4423},
    series    = {LNCS},
    pages     = {213--227},
    publisher = {Springer},
}

@inproceedings{HagueO09,
    author    = {M. Hague and
                 C.-H. L. Ong},
    title     = {Winning Regions of Pushdown Parity Games: {A} Saturation Method},
    booktitle = {{CONCUR}},
    year      = {2009},
    volume    = {5710},
    series    = {LNCS},
    pages     = {384--398},
    publisher = {Springer},
}

@thesis{Haifani17,
    author      = {Fajar Haifani},
    title       = {Antichain Optimizations using Simulation Relations for Context-Free Games},
    year        = {2017},
    url         = {https://www.tcs.cs.tu-bs.de/documents/fajar_haifani_masters_thesis.pdf},
    institution = {TU Kaiserslautern},
    note        = {(Accessed 2022-05-23)},
    type        = {Master's thesis},
}

@article{Haines69,
    author  = {L. H. Haines},
    title   = {On free monoids partially ordered by embedding},
    journal = {Journal of Combinatorial Theory},
    year    = 1969,
    volume  = 6,
    number  = 1,
}

@book{Haskell03,
    author    = {Simon {Peyton Jones (Editor)}},
    title     = {Haskell 98 Language and Libraries -- {T}he Revised Report},
    year      = 2003,
    publisher = {Cambridge University Press},
    address   = {Cambridge, England},
}

@inproceedings{HeizmannCDGNMSS17,
    author    = {Matthias Heizmann and
                 Yu{-}Wen Chen and
                 Daniel Dietsch and
                 Marius Greitschus and
                 Alexander Nutz and
                 Betim Musa and
                 Claus Schätzle and
                 Christian Schilling and
                 Frank Schüssele and
                 Andreas Podelski},
    title     = {Ultimate {A}utomizer with an On-Demand Construction of {F}loyd-{H}oare Automata
                 ({C}ompetition Contribution)},
    booktitle = {{TACAS}},
    year      = {2017},
    volume    = {10206},
    series    = {LNCS},
    pages     = {394--398},
    editor    = {Axel Legay and
                 Tiziana Margaria},
    doi       = {10.1007/978-3-662-54580-5\_30},
}

@inproceedings{HeizmannHP10,
    author    = {Matthias Heizmann and
                 Jochen Hoenicke and
                 Andreas Podelski},
    title     = {Nested interpolants},
    booktitle = {POPL},
    year      = {2010},
    pages     = {471--482},
}

@inproceedings{HenzingerP06,
    author    = {Thomas A. Henzinger and
                 Nir Piterman},
    title     = {Solving Games Without Determinization},
    booktitle = {{CSL}},
    year      = {2006},
    volume    = {4207},
    series    = {LNCS},
    pages     = {395--410},
    editor    = {Zolt{\'{a}}n {\'{E}}sik},
    publisher = {Springer},
    doi       = {10.1007/11874683\_26},
}







@article{Higman52,
    author  = {G. Higman},
    title   = {Ordering by divisibility in abstract algebras},
    journal = {Proc. London Math. Soc. 3},
    year    = 1952,
    volume  = 2,
    number  = 7,
}




@article{Hoare69,
    author    = {Hoare, C. A. R.},
    title     = {An Axiomatic Basis for Computer Programming},
    journal   = {Commun. ACM},
    year      = {1969},
    volume    = {12},
    pages     = {576--580},
    publisher = {Association for Computing Machinery},
    doi       = {10.1145/363235.363259},
    issn      = {0001-0782},
    month     = oct,
    number    = {10},
    numpages  = {5},
}

@inproceedings{HolikM15,
    author    = {Lukáš Holík and R. Meyer},
    title     = {Antichains for the Verification of Recursive Programs},
    booktitle = {NETYS},
    year      = {2015},
    volume    = {9466},
    series    = {LNCS},
    pages     = {322--336},
    publisher = {Springer},
}

@techreport{HopcroftK71,
    author      = {Hopcroft, John E. and Karp, R. M.},
    title       = {A Linear Algorithm for Testing Equivalence of Finite Automata},
    year        = 1971,
    institution = {Cornell University},
}

@article{HopcroftP79,
    author  = {John Hopcroft and Jean-Jacques Pansiot},
    title   = {On the reachability problem for 5-dimensional vector addition systems},
    journal = {Theoretical Computer Science},
    year    = 1979,
    volume  = 8,
    pages   = {135--159},
    doi     = {https://doi.org/10.1016/0304-3975(79)90041-0},
    issn    = {0304-3975},
    number  = 2,
}

@book{HopcroftU79,
    author    = {John Hopcroft and Jeffrey Ullman},
    title     = {Introduction to Automata Theory, Languages, and Computation},
    year      = {1979},
    publisher = {Addison-Wesley},
}

@article{Immerman88,
    author  = {N. Immerman},
    title   = {Nondeterministic space is closed under complementation},
    journal = {SIAM Journal on Computing},
    year    = 1988,
    volume  = 17,
    pages   = {935–938},
}

@book{Immerman98,
    author    = {Immerman, N.},
    title     = {Descriptive Complexity},
    year      = {1998},
    series    = {Texts in Computer Science},
    publisher = {Springer},
    isbn      = {9780387986005},
    lccn      = {lc98033563},
}

@article{Jancar95,
    author  = {P. Jan\v{c}ar},
    title   = {Undecidability of Bisimilarity for {Petri} Nets and Some Related Problems},
    journal = {TCS},
    year    = 1995,
    volume  = 148,
    pages   = {281--301},
    number  = 2,
}

@article{Jancar99,
    author  = {P. Jan\v{c}ar},
    title   = {A Note on Well Quasi-Orderings for Powersets},
    journal = {Inf. Process. Lett.},
    year    = 1999,
    volume  = 72,
    pages   = {155--160},
    number  = {5-6},
}

@article{JancarEM99,
    author    = {P. Jan\v{c}ar and J. Esparza and F. Moller},
    title     = {Petri Nets and Regular Processes},
    journal   = {J. Comput. Syst. Sci.},
    year      = 1999,
    volume    = 59,
    pages     = {476--503},
    publisher = {Academic Press, Inc.},
    acmid     = 340207,
    number    = 3,
}

@inproceedings{Jantzen87,
    author    = {Jantzen, Matthias},
    title     = {Language Theory of {P}etri Nets},
    booktitle = {Petri Nets: Central Models and Their Properties},
    year      = {1987},
    pages     = {397--412},
    editor    = {Brauer, W.
                 and Reisig, W.
                 and Rozenberg, G.},
    publisher = {Springer},
    isbn      = {978-3-540-47919-2},
}

@article{JiangR93,
    author  = {Jiang, Tao and Ravikumar, B.},
    title   = {Minimal {NFA} Problems are Hard},
    journal = {SIAM Journal on Computing},
    year    = {1993},
    volume  = {22},
    pages   = {1117-1141},
    doi     = {10.1137/0222067},
    number  = {6},
}

@article{Jones83,
    author  = {Cliff B. Jones},
    title   = {Tentative Steps Toward a Development Method for Interfering Programs},
    journal = {{ACM} Trans. Program. Lang. Syst.},
    year    = {1983},
    volume  = {5},
    pages   = {596--619},
    doi     = {10.1145/69575.69577},
    number  = {4},
}

@article{Jurdzinski98,
    author  = {Marcin Jurdzinski},
    title   = {Deciding the Winner in Parity Games is in {UP} $\cap$ {co-UP}},
    journal = {Inf. Process. Lett.},
    year    = {1998},
    volume  = {68},
    pages   = {119--124},
    doi     = {10.1016/S0020-0190(98)00150-1},
    number  = {3},
}

@article{KabilP92,
    author  = {M. Kabil and M. Pouzet},
    title   = {Une extension d'un th{\'{e}}or{\`{e}}me de {P}. {J}ullien sur les {\^{a}}ges de mots},
    journal = {{ITA}},
    year    = {1992},
    volume  = {26},
    pages   = {449--484},
}

@inproceedings{KapikNUW05,
    author    = {T. Knapik and D. Niwi{\'n}ski and P. Urzyczyn and I. Walukiewicz},
    title     = {Unsafe grammars and panic automata},
    booktitle = {{ICALP}},
    year      = 2005,
    volume    = 3580,
    series    = {LNCS},
    pages     = {1450--1461},
    publisher = {Springer},
}

@inproceedings{Karp72,
    author    = {Richard M. Karp},
    title     = {Reducibility Among Combinatorial Problems},
    booktitle = {{COCO}},
    year      = 1972,
    pages     = {85--103},
}

@article{KarpM69,
    author  = {R. M. Karp and R. E. Miller},
    title   = {Parallel Program Schemata},
    journal = {JCSS},
    year    = 1969,
    volume  = 3,
    pages   = {147--195},
    number  = 2,
}

@book{KayeLM07,
    author    = {Kaye, P. and Mosca, M. and Laflamme, R.},
    title     = {An Introduction to Quantum Computing},
    year      = {2007},
    publisher = {Oxford University Press},
}

@book{KhoussainovN01,
    author    = {Bakhadyr Khoussainov and Anil Nerode},
    title     = {Automata Theory and Its Applications},
    year      = 2001,
    publisher = {Birkhäuser},
    address   = {Secaucus, NJ, USA},
}

@article{Kleene43,
    author  = {S. C. Kleene},
    title   = {Recursive predicates and  quantifiers},
    journal = {Trans. Amer. Math. Soc.},
    year    = 1943,
    volume  = 53,
    pages   = {41--73},
}

@book{Kleene52,
    author    = {S. C. Kleene},
    title     = {Introduction to metamathematics},
    year      = {1952},
    publisher = {Van Nostrand},
}

@inproceedings{KnapikNU02,
    author    = {Teodor Knapik and
                 Damian Niwinski and
                 Pawel Urzyczyn},
    title     = {Higher-Order Pushdown Trees Are Easy},
    booktitle = {{FOSSACS}},
    year      = {2002},
    volume    = {2303},
    series    = {LNCS},
    pages     = {205--222},
    editor    = {Mogens Nielsen and
                 Uffe Engberg},
    publisher = {Springer},
    doi       = {10.1007/3-540-45931-6\_15},
}

@article{Knaster28,
    author  = {B. Knaster},
    title   = {Un théorème sur les fonctions d'ensembles},
    journal = {Ann. Soc. Polon. Math.},
    year    = {1928},
    volume  = {6},
    pages   = {133-134},
}

@inproceedings{Kobayashi09,
    author    = {N. Kobayashi},
    title     = {Types and Higher-order Recursion Schemes for Verification of Higher-order Programs},
    booktitle = {{POPL}},
    year      = 2009,
    pages     = {416--428},
    publisher = {ACM},
}

@inproceedings{KobayashiO09,
    author    = {N. Kobayashi and
                 C.-H. L. Ong},
    title     = {A Type System Equivalent to the Modal Mu-Calculus Model Checking of Higher-Order Recursion Schemes},
    booktitle = {{LICS}},
    year      = {2009},
    pages     = {179--188},
    publisher = {IEEE},
}

@article{Koenig27,
    author      = {Dénes Kőnig},
    title       = {Über eine {S}chlussweise aus dem {E}ndlichen ins {U}nendliche},
    journal     = {Acta Sci. Math. (Szeged)},
    year        = {1927},
    volume      = {3},
    pages       = {121--130},
    institution = {TU Kaiserslautern},
}

@inproceedings{Kopczynski16,
    author    = {E. Kopczynski},
    title     = {Invisible Pushdown Languages},
    booktitle = {{LICS}},
    year      = 2016,
    pages     = {867--872},
}

@inproceedings{Kosaraju82,
    author    = {S. R. Kosaraju},
    title     = {Decidability of Reachability in Vector Addition Systems ({P}reliminary Version)},
    booktitle = {STOC},
    year      = 1982,
    pages     = {267--281},
}

@book{Kozen06,
    author    = {Dexter C. Kozen},
    title     = {Theory of Computation},
    year      = 2006,
    series    = {Texts in Computer Science},
    publisher = {Springer},
}

@book{Kozen97,
    author    = {Dexter C. Kozen},
    title     = {Automata and Computability},
    year      = 1997,
    publisher = {Springer},
}

@inproceedings{KuperbergS15,
    author    = {Denis Kuperberg and
                 Michal Skrzypczak},
    title     = {On Determinisation of Good-for-Games Automata},
    booktitle = {{ICALP}},
    year      = {2015},
    volume    = {9135},
    series    = {LNCS},
    pages     = {299--310},
    editor    = {Magn{\'{u}}s M. Halld{\'{o}}rsson and
                 Kazuo Iwama and
                 Naoki Kobayashi and
                 Bettina Speckmann},
    publisher = {Springer},
    doi       = {10.1007/978-3-662-47666-6\_24},
}

@inproceedings{KupfermanV00,
    author    = {Orna Kupferman and
                 Moshe Y. Vardi},
    title     = {An Automata-Theoretic Approach to Reasoning about Infinite-State Systems},
    booktitle = {CAV},
    year      = {2000},
    volume    = {1855},
    pages     = {36--52},
    editor    = {E. Allen Emerson and
                 A. Prasad Sistla},
    publisher = {Springer},
    doi       = {10.1007/10722167\_7},
}

@article{LaCasseR94,
    author  = {LaCasse, Chantale and Ross, Don},
    title   = {The Microeconomic Interpretation of Games},
    journal = {{PSA}},
    year    = {1994},
    volume  = {1994},
    pages   = {379-387},
    doi     = {10.1086/psaprocbienmeetp.1994.1.193042},
    number  = {1},
}

@article{Lambert92,
    author  = {J.L. Lambert},
    title   = {A structure to decide reachability in {P}etri nets},
    journal = {Theoretical Computer Science},
    year    = 1992,
    volume  = 99,
    pages   = {79--104},
    number  = 1,
}

@article{Lamport77,
    author  = {Leslie Lamport},
    title   = {Proving the Correctness of Multiprocess Programs},
    journal = {{IEEE} Trans. Software Eng.},
    year    = {1977},
    volume  = {3},
    pages   = {125--143},
    doi     = {10.1109/TSE.1977.229904},
    number  = {2},
}


@article{LassezNS82,
    author   = {J.-L. Lassez and V.L. Nguyen and E.A. Sonenberg},
    title    = {Fixed point theorems and semantics: {A} folk tale},
    journal  = {Information Processing Letters},
    year     = {1982},
    volume   = {14},
    pages    = {112-116},
    doi      = {https://doi.org/10.1016/0020-0190(82)90065-5},
    issn     = {0020-0190},
    keywords = {Folk theorems, least fixed point theorems},
    number   = {3},
}

@inproceedings{LaTorreMW15,
    author    = {S. {La Torre} and A. Muscholl and I. Walukiewicz},
    title     = {Safety of Parametrized Asynchronous Shared-Memory Systems is Almost Always Decidable},
    booktitle = {{CONCUR}},
    year      = 2015,
    series    = {LIPIcs},
    publisher = {Dagstuhl},
}

@article{Lazic13,
    author        = {Ranko Lazic},
    title         = {The reachability problem for vector addition systems with a stack is not elementary},
    journal       = {CoRR},
    year          = {2013},
    volume        = {abs/1310.1767},
    archiveprefix = {arXiv},
    eprint        = {1310.1767},
}

@inproceedings{LazicS15,
    author    = {R. Lazic and S. Schmitz},
    title     = {The Ideal View on {R}ackoff's Coverability Technique},
    booktitle = {RP},
    year      = 2015,
    pages     = {76--88},
}

@article{HofmanT18,
  author       = {Piotr Hofman and
                  Patrick Totzke},
  title        = {Trace inclusion for one-counter nets revisited},
  journal      = {Theor. Comput. Sci.},
  volume       = {735},
  pages        = {50--63},
  year         = {2018},
  doi          = {10.1016/j.tcs.2017.05.009},
  timestamp    = {Fri, 27 Mar 2020 08:39:34 +0100},
  biburl       = {https://dblp.org/rec/journals/tcs/HofmanT18.bib},
  bibsource    = {dblp computer science bibliography, https://dblp.org}
}

@inproceedings{Leroux11,
    author    = {J. Leroux},
    title     = {Vector addition system reachability problem: {A} short self-contained proof},
    booktitle = {POPL},
    year      = 2011,
    pages     = {307--316},
}


@inproceedings{Leroux13,
    author    = {J. Leroux and M. Praveen and G. Sutre},
    title     = {A Relational Trace Logic for Vector Addition Systems with Application to Context-freeness},
    booktitle = {CONCUR},
    year      = 2013,
    pages     = {137--151},
    publisher = {Springer},
}

@inproceedings{Leroux21,
    author    = {J{\'{e}}r{\^{o}}me Leroux},
    title     = {The Reachability Problem for Petri Nets is Not Primitive Recursive},
    booktitle = {{FOCS}},
    year      = {2021},
    pages     = {1241--1252},
    publisher = {{IEEE}},
    doi       = {10.1109/FOCS52979.2021.00121},
}

@inproceedings{LerouxS15,
    author    = {J. Leroux and S. Schmitz},
    title     = {Demystifying Reachability in Vector Addition Systems},
    booktitle = {LICS},
    year      = 2015,
    pages     = {56--67},
}

@inproceedings{LerouxS19,
    author    = {J{\'{e}}r{\^{o}}me Leroux and Sylvain Schmitz},
    title     = {Reachability in Vector Addition Systems is Primitive-Recursive in Fixed Dimension},
    booktitle = {LICS},
    year      = 2019,
    pages     = {1--13},
}

@article{Levin73,
    author  = {L. A. Levin},
    title   = {{Универсальные задачи перебора}},
    journal = {Problems of Information Transmission},
    year    = {1973},
    volume  = 9,
    pages   = {115--116},
    number  = 3,
}

@inproceedings{LiFLMLL18,
    author    = {Chu-Min Li and Xiao Fan and Mao Luo and Felip Manya and Zhipeng Lu and Yu Li},
    title     = {Polynomial Multiplication},
    booktitle = {SAT Competition 2018: Solver and Benchmark Descriptions},
    year      = {2018},
    pages     = {61--62},
    url       = {https://helda.helsinki.fi/handle/10138/237063},
}

@article{Linna76,
    author  = {M. Linna},
    title   = {On $\omega$-Sets Associated with Context-Free Languages},
    journal = {Inf. Cont.},
    year    = 1976,
    volume  = 31,
    pages   = {272--293},
    number  = 3,
}


@techreport{Lipton76,
    author      = {R. J. Lipton},
    title       = {The Reachability Problem Requires Exponential Space},
    year        = 1976,
    institution = {Yale University, Department of Computer Science},
}

@inproceedings{LongCMM12,
    author    = {Zhenyue Long and
                 Georgel Calin and
                 Rupak Majumdar and
                 Roland Meyer},
    title     = {Language-Theoretic Abstraction Refinement},
    booktitle = {{FASE}},
    year      = {2012},
    volume    = {7212},
    series    = {LNCS},
    pages     = {362--376},
    editor    = {Juan de Lara and
                 Andrea Zisman},
    publisher = {Springer},
}


@book{LorenzenL78,
    author    = {Lorenzen, Paul and Lorenz, Kuno},
    title     = {Dialogische {L}ogik},
    year      = {1978},
    publisher = {Darmstadt - Wissenschaftliche Buchgesellschaft},
}

@inproceedings{LuSSZ08,
    author    = {Lu, S. and Park, S. and Seo, E. and Zhou, Y.},
    title     = {Learning from Mistakes: {A} Comprehensive Study on Real World Concurrency Bug Characteristics},
    booktitle = {{ASPLOS}},
    year      = {2008},
    pages     = {329--339},
    publisher = {ACM},
}

@book{MannaP95,
    author    = {Z. Manna and A. Pnueli},
    title     = {Temporal verification of reactive systems - {S}afety},
    year      = 1995,
    publisher = {Springer},
}

@article{MannaW80,
    author  = {Zohar Manna and
               Richard J. Waldinger},
    title   = {A Deductive Approach to Program Synthesis},
    journal = {{ACM} Trans. Program. Lang. Syst.},
    year    = {1980},
    volume  = {2},
    pages   = {90--121},
    doi     = {10.1145/357084.357090},
    number  = {1},
}

@article{Marcone94,
    author    = {A. Marcone},
    title     = {Foundations of {BQO} Theory},
    journal   = {Transactions of the American Mathematical Society},
    year      = 1994,
    volume    = 345,
    pages     = {641--660},
    publisher = {AMS},
    number    = 2,
}

@article{Martin75,
    author    = {D. A. Martin},
    title     = {Borel Determinacy},
    journal   = {Annals of Mathematics},
    year      = {1975},
    volume    = {102},
    pages     = {363-371},
    publisher = {Annals of Mathematics},
    number    = {2},
}

@article{Mayr03,
    author  = {R. Mayr},
    title   = {Undecidable problems in unreliable computations},
    journal = {TCS},
    year    = 2003,
    volume  = {1-3},
    number  = 297,
}

@inproceedings{Mayr81,
    author    = {E. W. Mayr},
    title     = {An Algorithm for the General {P}etri Net Reachability Problem},
    booktitle = {STOC},
    year      = 1981,
    pages     = {238--246},
}

@article{MayrM81,
    author  = {E. W. Mayr and A. R. Meyer},
    title   = {The Complexity of the Finite Containment Problem for {P}etri Nets},
    journal = {JACM},
    year    = 1981,
    volume  = 28,
    number  = 3,
}

@article{McNaughton93,
    author  = {R. McNaughton},
    title   = {Infinite Games Played on Finite Graphs},
    journal = {Ann. Pure Appl. Logic},
    year    = {1993},
    volume  = {65},
    pages   = {149--184},
    number  = {2},
}

@article{McNaughtonY60,
    author  = {R. {McNaughton} and H. {Yamada}},
    title   = {Regular Expressions and State Graphs for Automata},
    journal = {IRE Transactions on Electronic Computers},
    year    = 1960,
    volume  = {EC-9},
    pages   = {39--47},
    number  = 1,
}

@inproceedings{MeyerS72,
    author    = {Albert R. Meyer and
                 Larry J. Stockmeyer},
    title     = {The Equivalence Problem for Regular Expressions with Squaring Requires Exponential Space},
    booktitle = {Switching and Automata Theory,},
    year      = {1972},
    pages     = {125--129},
    publisher = {{IEEE} Computer Society},
    doi       = {10.1109/SWAT.1972.29},
}

@inproceedings{MeyerV20,
    author    = {Roland Meyer and
                 S{\"{o}}ren van der Wall},
    title     = {On the Complexity of Multi-Pushdown Games},
    booktitle = {{FSTTCS}},
    year      = {2020},
    volume    = {182},
    series    = {LIPIcs},
    pages     = {52:1--52:35},
    editor    = {Nitin Saxena and
                 Sunil Simon},
    publisher = {Schloss Dagstuhl - Leibniz-Zentrum f{\"{u}}r Informatik},
    doi       = {10.4230/LIPIcs.FSTTCS.2020.52},
}

@book{Minsky67,
    author    = {M. L. Minsky},
    title     = {Computation: {F}inite and Infinite Machines},
    year      = 1967,
    publisher = {Prentice-Hall},
}

@article{MisraC81,
    author  = {Jayadev Misra and
               K. Mani Chandy},
    title   = {Proofs of Networks of Processes},
    journal = {{IEEE} Trans. Software Eng.},
    year    = {1981},
    volume  = {7},
    pages   = {417--426},
    doi     = {10.1109/TSE.1981.230844},
    number  = {4},
}

@inproceedings{Mostowski84,
    author    = {Andrzej Wlodzimierz Mostowski},
    title     = {Regular expressions for infinite trees and a standard form of automata},
    booktitle = {Computation Theory},
    year      = {1984},
    volume    = {208},
    series    = {LNCS},
    pages     = {157--168},
    editor    = {Andrzej Skowron},
    publisher = {Springer},
    doi       = {10.1007/3-540-16066-3\_15},
}

@techreport{Mostowski91,
    author      = {A. W. Mostowski},
    title       = {Games with forbidden positions},
    year        = {1991},
    institution = {Uniwersytet Gda\'{n}ski, Instytut Matematyki},
}

@inproceedings{MukundKRS98,
    author    = {M. Mukund and K. N. Kumar and J. Radhakrishnan and M. A. Sohoni},
    title     = {Towards a Characterisation of Finite-State Message-Passing Systems},
    booktitle = {ASIAN},
    year      = 1998,
    pages     = {282--299},
}

@inproceedings{MukundKRS98b,
    author    = {M. Mukund and K. N. Kumar and J. Radhakrishnan and M. A. Sohoni},
    title     = {Robust Asynchronous Protocols Are Finite-State},
    booktitle = {ICALP},
    year      = 1998,
    pages     = {188--199},
}

@inproceedings{Muller63,
    author    = {David E. Muller},
    title     = {Infinite sequences and finite machines},
    booktitle = {Switching Circuit Theory and Logical Design},
    year      = {1963},
    pages     = {3--16},
    publisher = {{IEEE} Computer Society},
    doi       = {10.1109/SWCT.1963.8},
}

@article{MuschollSS06,
    author  = {Anca Muscholl and
               Thomas Schwentick and
               Luc Segoufin},
    title   = {Active Context-Free Games},
    journal = {Theory Comput. Syst.},
    year    = {2006},
    volume  = {39},
    pages   = {237--276},
    doi     = {10.1007/s00224-005-1278-3},
    number  = {1},
}

@inproceedings{MusuvathiQ07,
    author    = {M. Musuvathi and
                 S. Qadeer},
    title     = {Iterative context bounding for systematic testing of multithreaded
                 programs},
    booktitle = {PLDI},
    year      = {2007},
    pages     = {446--455},
    publisher = {{ACM}},
}

@article{MycielskiS62,
    author  = {Jan Mycielski and H. Steinhaus.},
    title   = {A mathematical axiom contradicting the axiom of choice},
    journal = {Bulletin de l'Académie Polonaise des Sciences. Série des Sciences Mathématiques, Astronomiques et Physiques},
    year    = {1962},
    volume  = {10},
    pages   = {1-3},
}

@book{MyersSB12,
    author    = {Myers, Glenford J. and Sandler, Corey and Badgett, Tom},
    title     = {The art of software testing},
    year      = 2012,
    publisher = {John Wiley \& Sons},
    address   = {Hoboken and N.J},
    edition   = {(3rd ed)},
    keywords  = {Computer_software Debugging_in_computer_science COMPUTERS},
    timestamp = {2013-10-18T15:41:42.000+0200},
}

@article{NashWilliams68,
    author    = {Nash-Williams, C. St. J. A.},
    title     = {On better-quasi-ordering transfinite sequences},
    journal   = {Mathematical Proceedings of the Cambridge Philosophical Society},
    year      = 1968,
    volume    = 64,
    pages     = {273–290},
    publisher = {Cambridge University Press},
    number    = 2,
}


@article{Nerode58,
    author    = {Nerode, A.},
    title     = {Linear automaton transformations},
    journal   = {Proceedings of the American Mathematical Society},
    year      = {1958},
    volume    = {9},
    pages     = {541--544},
    publisher = {{AMS}},
    number    = {4},
}

@thesis{Neumann17,
    author      = {Elisabeth Neumann},
    title       = {Algorithms for Context-free Games: {A} comparison of Saturation, Guess \& Check and Summarization},
    year        = {2017},
    url         = {https://www.tcs.cs.tu-bs.de/documents/elisabeth_neumann_masters_thesis.pdf},
    institution = {TU Kaiserslautern},
    note        = {(Accessed 2022-05-23)},
    type        = {Master's thesis},
}

@book{NielsonNH99,
    author    = {Flemming Nielson and
                 Hanne Riis Nielson and
                 Chris Hankin},
    title     = {Principles of program analysis},
    year      = {1999},
    publisher = {Springer},
    doi       = {10.1007/978-3-662-03811-6},
    isbn      = {978-3-540-65410-0},
}

@article{Nivat72,
    author  = {Nivat, Maurice},
    title   = {On the interpretation of recursive program schemes},
    journal = {Symposia Matematica},
    year    = {1972},
}

@inproceedings{Ong06,
    author    = {C.-H. L. Ong},
    title     = {On model-checking trees generated by higher-order recursion schemes},
    booktitle = {{LICS}},
    year      = {2006},
    pages     = {81-90},
    publisher = {{IEEE}},
}

@article{OwickiG76,
    author  = {Susan S. Owicki and
               David Gries},
    title   = {Verifying Properties of Parallel Programs: {A}n Axiomatic Approach},
    journal = {Commun. {ACM}},
    year    = {1976},
    volume  = {19},
    pages   = {279--285},
    doi     = {10.1145/360051.360224},
    number  = {5},
}


@online{Padhi21,
    author = {Saswat {Padhi et al.}},
    title  = {{SyGuS}},
    year   = 2021,
    url    = {https://sygus.org/},
    note   = {(Accessed 2022-08-01)},
}

@article{Parikh66,
    author     = {Rohit J. Parikh},
    title      = {On Context-Free Languages},
    journal    = {J. ACM},
    year       = 1966,
    volume     = 13,
    pages      = {570--581},
    publisher  = {ACM},
    doi        = {10.1145/321356.321364},
    issn       = {0004-5411},
    address    = {New York, NY, USA},
    acmid      = 321364,
    issue_date = {Oct. 1966},
    month      = oct,
    number     = 4,
    numpages   = 12,
}

@article{PasareanuGBCB08,
    author  = {Corina S. Pasareanu and
               Dimitra Giannakopoulou and
               Mihaela Gheorghiu Bobaru and
               Jamieson M. Cobleigh and
               Howard Barringer},
    title   = {Learning to divide and conquer: {A}pplying the {L*} algorithm to automate assume-guarantee reasoning},
    journal = {Formal Methods Syst. Des.},
    year    = {2008},
    volume  = {32},
    pages   = {175--205},
    doi     = {10.1007/s10703-008-0049-6},
    number  = {3},
}

@book{PerrinP04,
    author    = {Dominique Perrin and
                 Jean{-}Eric Pin},
    title     = {Infinite words - {A}utomata, semigroups, logic and games},
    year      = {2004},
    volume    = {141},
    series    = {Pure and applied mathematics series},
    publisher = {Elsevier},
    isbn      = {978-0-12-532111-2},
}

@article{Peter35,
    author  = {Péter, Rózsa},
    title   = {Konstruktion nichtrekursiver {F}unktionen},
    journal = {Mathematische Annalen},
    year    = {1935},
    volume  = {111},
    pages   = {42--60},
}

@inbook{Petri67,
    author    = {Petri, C. A.},
    title     = {Grunds{\"a}tzliches zur {B}eschreibung diskreter {P}rozesse},
    booktitle = {3. Colloquium {\"u}ber Automatentheorie},
    year      = {1967},
    pages     = {121--140},
    publisher = {Birkh{\"a}user Basel},
    doi       = {10.1007/978-3-0348-5879-3_10},
    isbn      = {978-3-0348-5879-3},
    address   = {Basel},
}

@inproceedings{PlaceVZ13,
    author    = {T. Place and L. van Rooijen and M. Zeitoun},
    title     = {Separating Regular Languages by Piecewise Testable and Unambiguous Languages},
    booktitle = {{MFCS}},
    year      = 2013,
    pages     = {729--740},
}

@inproceedings{PlaceVZ13b,
    author    = {T. Place and L. van Rooijen and M. Zeitoun},
    title     = {Separating Regular Languages by Locally Testable and Locally Threshold Testable Languages},
    booktitle = {{FSTTCS}},
    year      = 2013,
    pages     = {363--375},
}

@article{PlaceZ14,
    author  = {T. Place and M. Zeitoun},
    title   = {Separating Regular Languages with First-Order Logic},
    journal = {Logical Methods in Computer Science},
    year    = 2016,
    volume  = 12,
    number  = 1,
}


@inproceedings{PlaceZ14b,
    author    = {T. Place and M. Zeitoun},
    title     = {Going Higher in the First-Order Quantifier Alternation Hierarchy on Words},
    booktitle = {{ICALP}},
    year      = 2014,
    pages     = {342--353},
}

@inproceedings{Pnueli77,
    author    = {Amir Pnueli},
    title     = {The Temporal Logic of Programs},
    booktitle = {{FOCS}},
    year      = {1977},
    pages     = {46--57},
    publisher = {{IEEE} Computer Society},
    doi       = {10.1109/SFCS.1977.32},
}

@inproceedings{Pnueli84,
    author    = {Amir Pnueli},
    title     = {In Transition From Global to Modular Temporal Reasoning about Programs},
    booktitle = {Logics and Models of Concurrent Systems},
    year      = {1984},
    volume    = {13},
    series    = {{NATO} {ASI} Series},
    pages     = {123--144},
    editor    = {Krzysztof R. Apt},
    publisher = {Springer},
    doi       = {10.1007/978-3-642-82453-1\_5},
}

@book{Poundstone92,
    author    = {Poundstone, W.},
    title     = {Prisoner's Dilemma},
    year      = {1992},
    publisher = {Doubleday},
    isbn      = {9780385415675},
    lccn      = {91013906},
}

@book{Presburger31,
    author = {Presburger, M.},
    title  = {Über die {V}ollständigkeit eines gewissen {S}ystems der {A}rithmetik ganzer {Z}ahlen, in welchem die {A}ddition als einzige {O}peration hervortritt},
    year   = {1931},
}

@inproceedings{QadeerR05,
    author    = {S. Qadeer and
                 J. Rehof},
    title     = {Context-Bounded Model Checking of Concurrent Software},
    booktitle = {{TACAS}},
    year      = {2005},
    volume    = {3440},
    series    = {LNCS},
    pages     = {93--107},
    publisher = {Springer},
}

@article{Rabin68,
    author    = {Rabin, Michael O.},
    title     = {Decidability of second-order theories and automata on infinite trees},
    journal   = {Bull. Amer. Math. Soc.},
    year      = {1968},
    volume    = {74},
    pages     = {1025--1029},
    publisher = {American Mathematical Society},
    fjournal  = {Bulletin of the American Mathematical Society},
    month     = {09},
    number    = {5},
}

@article{RabinS59,
    author  = {Rabin, M. O. and Scott, D.},
    title   = {Finite automata and their decision problems},
    journal = {IBM Journal of Research and Development},
    year    = {1959},
    volume  = {3},
    pages   = {114-125},
    issue   = {2},
}

@article{Rackoff78,
    author  = {C. Rackoff},
    title   = {The covering and boundedness problems for vector addition systems},
    journal = {TCS},
    year    = 1978,
    volume  = 6,
    number  = 2,
}

@article{Rado54,
    author    = {Rado, R.},
    title     = {Partial well-ordering of sets of vectors},
    journal   = {Mathematika},
    year      = 1954,
    volume    = 1,
    pages     = {89–95},
    publisher = {London Mathematical Society},
    doi       = {10.1112/S0025579300000565},
    number    = 2,
}

@incollection{Raghavan94,
    author    = {T.E.S. Raghavan},
    title     = {Chapter 20: {Z}ero-sum two-person games},
    booktitle = {Handbook of Game Theory with Economic Applications},
    year      = {1994},
    volume    = {2},
    pages     = {735-768},
    publisher = {Elsevier},
    issn      = {1574-0005},
}

@article{Ramalingam00,
    author  = {G. Ramalingam},
    title   = {Context-sensitive synchronization-sensitive analysis is undecidable},
    journal = {{ACM} Trans. Program. Lang. Syst.},
    year    = {2000},
    volume  = {22},
    pages   = {416--430},
    doi     = {10.1145/349214.349241},
    number  = {2},
}

@article{Ramsey30,
    author  = {Ramsey, F. P.},
    title   = {On a Problem of Formal Logic},
    journal = {Proceedings of the London Mathematical Society},
    year    = {1930},
    pages   = {264-286},
    doi     = {https://doi.org/10.1112/plms/s2-30.1.264},
    number  = {1},
}

@book{Reisig85,
    author    = {W. Reisig},
    title     = {{P}etri nets: {A}n Introduction},
    year      = 1985,
    series    = {Monographs in Theoretical Computer Science},
    publisher = {Springer},
}

@article{Rice53,
    author  = {H. G. Rice},
    title   = {Classes of Recursively Enumerable Sets and Their Decision Problems},
    journal = {Trans. Amer. Math. Soc.},
    year    = 1953,
    volume  = 74,
    pages   = {358--366},
}

@article{Rosenberger12,
    author  = {Jack Rosenberger},
    title   = {{P} vs. {NP} poll results},
    journal = {Communications of the ACM},
    year    = 2012,
    volume  = 55,
    pages   = 10,
    month   = may,
    number  = 5,
}

@book{Russell03,
    author    = {Bertrand Russell},
    title     = {Principles of Mathematics},
    year      = {1903},
    publisher = {Cambridge University Press},
}

@inproceedings{SacerdoteT77,
    author    = {G. S. Sacerdote and R. L. Tenney},
    title     = {The Decidability of the Reachability Problem for Vector Addition Systems ({P}reliminary Version)},
    booktitle = {STOC},
    year      = 1977,
    pages     = {61--76},
    publisher = {ACM},
}

@inproceedings{Safra88,
    author    = {S. Safra},
    title     = {On the complexity of omega-automata},
    booktitle = {SFCS},
    year      = 1988,
    volume    = {},
    pages     = {319--327},
    number    = {},
}

@inproceedings{SakodaS78,
    author    = {William J. Sakoda and Michael Sipser},
    title     = {Nondeterminism and the Size of Two Way Finite Automata},
    booktitle = {STOC},
    year      = 1978,
    pages     = {275--286},
}

@article{SalvatiW15,
    author  = {Sylvain Salvati and
               Igor Walukiewicz},
    title   = {Using models to model-check recursive schemes},
    journal = {Log. Methods Comput. Sci.},
    year    = {2015},
    volume  = {11},
    doi     = {10.2168/LMCS-11(2:7)2015},
    number  = {2},
}

@inproceedings{SalvatiW15b,
    author    = {Sylvain Salvati and Igor Walukiewicz},
    title     = {A Model for Behavioural Properties of Higher-order Programs},
    booktitle = {{CSL}},
    year      = {2015},
    volume    = {41},
    series    = {LIPIcs},
    pages     = {229--243},
    editor    = {Stephan Kreutzer},
    publisher = {Schloss Dagstuhl--Leibniz-Zentrum fuer Informatik},
    isbn      = {978-3-939897-90-3},
    issn      = {1868-8969},
    address   = {Dagstuhl, Germany},
}

@online{Satcomp18,
    author = {Marijn Heule and Markus Iser and Matti Jarvisalo and Martin Suda and Tomáš Balyo},
    title  = {{SAT} Competition 2022 -- {C}ertified {UNSAT}},
    year   = 2018,
    url    = {https://satcompetition.github.io/2022/certificates.html},
    note   = {(Accessed 2022-05-19)},
}


@article{Savitch70,
    author  = {Walter J. Savitch},
    title   = {Relationships between nondeterministic and deterministic tape complexities},
    journal = {Journal of Computer and System Sciences},
    year    = 1970,
    volume  = 4,
    pages   = {177--192},
    number  = 2,
}

@article{Scarpellini83,
    author    = {B. Scarpellini},
    title     = {Complexity of Subcases of {P}resburger Arithmetic},
    journal   = {Transactions of the AMS},
    year      = 1984,
    volume    = 284,
    publisher = {AMS},
    number    = 1,
}



@article{Schmitz16,
    author  = {Sylvain Schmitz},
    title   = {Complexity Hierarchies beyond Elementary},
    journal = {{TOCT}},
    year    = 2016,
    volume  = 8,
    pages   = {3:1--3:36},
    number  = 1,
}

@inproceedings{SchusterS15,
    author    = {Martin Schuster and Thomas Schwentick},
    title     = {Games for Active {XML} Revisited},
    booktitle = {ICDT},
    year      = {2015},
    volume    = {31},
    series    = {LIPIcs},
    pages     = {60--75},
    editor    = {Marcelo Arenas and Mart{\'i}n Ugarte},
    publisher = {Schloss Dagstuhl--Leibniz-Zentrum fuer Informatik},
    isbn      = {978-3-939897-79-8},
    issn      = {1868-8969},
    address   = {Dagstuhl, Germany},
}

@article{ScottS71,
    author  = {Scott, Dana and Strachey, C.},
    title   = {Towards a Mathematical Semantics for Computer Languages},
    journal = {Proceedings of the Symposium on Computers and Automata},
    year    = {1971},
    volume  = {21},
}

@book{SeidlWH12,
    author    = {H. Seidl and
                 R. Wilhelm and
                 S. Hack},
    title     = {Compiler Design: {A}nalysis and Transformation},
    year      = {2012},
    publisher = {Springer},
}

@article{Serre03,
    author  = {Olivier Serre},
    title   = {Note on winning positions on pushdown games with omega-regular conditions},
    journal = {Inf. Process. Lett.},
    year    = {2003},
    volume  = {85},
    pages   = {285--291},
    doi     = {10.1016/S0020-0190(02)00445-3},
    number  = {6},
}

@inproceedings{Seth09,
    author    = {Anil Seth},
    title     = {Games on Multi-stack Pushdown Systems},
    booktitle = {LFCS},
    year      = {2009},
    volume    = {5407},
    series    = {LNCS},
    pages     = {395--408},
    editor    = {Sergei N. Art{\"{e}}mov and  Anil Nerode},
    publisher = {Springer},
    doi       = {10.1007/978-3-540-92687-0\_27},
}

@inproceedings{ShettyKZ21,
    author    = {Aneesh K. Shetty and
                 Shankara Narayanan Krishna and
                 Georg Zetzsche},
    title     = {Scope-Bounded Reachability in Valence Systems},
    booktitle = {{CONCUR}},
    year      = {2021},
    volume    = {203},
    series    = {LIPIcs},
    pages     = {29:1--29:19},
    editor    = {Serge Haddad and
                 Daniele Varacca},
    publisher = {Schloss Dagstuhl - Leibniz-Zentrum f{\"{u}}r Informatik},
}

@article{SistlaVW87,
    author  = {A. Prasad Sistla and
               Moshe Y. Vardi and
               Pierre Wolper},
    title   = {The Complementation Problem for {B}üchi Automata with Appplications to Temporal Logic},
    journal = {Theor. Comput. Sci.},
    year    = {1987},
    volume  = {49},
    pages   = {217--237},
    doi     = {10.1016/0304-3975(87)90008-9},
}

@inproceedings{StockmeyerM73,
    author    = {Larry J. Stockmeyer and
                 Albert R. Meyer},
    title     = {Word Problems Requiring Exponential Time: {P}reliminary Report},
    booktitle = {STOC},
    year      = {1973},
    pages     = {1--9},
    editor    = {Alfred V. Aho and
                 Allan Borodin and
                 Robert L. Constable and
                 Robert W. Floyd and
                 Michael A. Harrison and
                 Richard M. Karp and
                 H. Raymond Strong},
    publisher = {{ACM}},
    doi       = {10.1145/800125.804029},
}


@inproceedings{Streett81,
    author    = {Robert S. Streett},
    title     = {Propositional Dynamic Logic of Looping and Converse},
    booktitle = {{STOC}},
    year      = {1981},
    pages     = {375--383},
    publisher = {{ACM}},
    doi       = {10.1145/800076.802492},
}

@thesis{Stutz17,
    author      = {Felix Stutz},
    title       = {Operations on a Symbolic Domain for Synthesis},
    year        = {2017},
    url         = {https://www.tcs.cs.tu-bs.de/documents/felix_stutz_bachelors_thesis.pdf},
    institution = {TU Kaiserslautern},
    note        = {(Accessed 2022-05-23)},
    type        = {Bachelor's thesis},
}

@article{Summers77,
    author     = {Summers, Phillip D.},
    title      = {A Methodology for {LISP} Program Construction from Examples},
    journal    = {J. ACM},
    year       = {1977},
    volume     = {24},
    pages      = {161--175},
    publisher  = {Association for Computing Machinery},
    doi        = {10.1145/321992.322002},
    issn       = {0004-5411},
    address    = {New York, NY, USA},
    issue_date = {Jan. 1977},
    number     = {1},
    numpages   = {15},
}

@online{Syntcomp,
    author = {Swen Jacobs and Guillermo A. {Pérez (Organizers)}},
    title  = {The Reactive Synthesis Competition},
    year   = {2021},
    url    = {http://www.syntcomp.org},
    note   = {(Accessed on 2022-05-30)},
}

@article{Szelepcsenyi87,
    author  = {R. Szelepcsényi},
    title   = {The method of forcing for nondeterministic automata},
    journal = {Bulletin of the EATCS},
    year    = 1987,
    volume  = 33,
    pages   = {96--100},
}

@article{SzymanskiW76,
    author  = {T. G. Szymanski and J. H. Williams},
    title   = {Noncanonical Extensions of Bottom-Up Parsing Techniques},
    journal = {SIAM Journal on Computing},
    year    = 1976,
    volume  = 5,
    pages   = {231--250},
    number  = 2,
}

@inproceedings{TabakovV05,
    author    = {Deian Tabakov and
                 Moshe Y. Vardi},
    title     = {Experimental Evaluation of Classical Automata Constructions},
    booktitle = {{LPAR}},
    year      = {2005},
    volume    = {3835},
    series    = {LNCS},
    pages     = {396--411},
    editor    = {Geoff Sutcliffe and
                 Andrei Voronkov},
    publisher = {Springer},
    doi       = {10.1007/11591191\_28},
}

@article{Tarski49,
    author  = {A. Tarski},
    title   = {A fixed point theorem for lattices and its applications ({P}reliminary version)},
    journal = {Bull. A.M.S.},
    year    = {1949},
    volume  = {55},
    pages   = {1051-1052},
}

@article{Tarski55,
    author  = {A. Tarski},
    title   = {A lattice theoretical fixed point theorem and its applications},
    journal = {Pacific J. Math.},
    year    = {1955},
    volume  = {5},
    pages   = {285-309},
}

@online{TCP,
    author       = {J. Postel},
    title        = {{Transmission Control Protocol}},
    year         = 1981,
    series       = {RFC},
    publisher    = {RFC Editor},
    doi          = {10.17487/RFC0793},
    url          = {https://www.rfc-editor.org/info/rfc793},
    abstract     = {},
    howpublished = {RFC 793},
    note         = {(Accessed on 2022-05-30)},
    number       = 793,
    pagetotal    = 91,
}

@inproceedings{ThinniyamZ19,
    author    = {Ramanathan S. Thinniyam and Georg Zetzsche},
    title     = {Regular Separability and Intersection Emptiness Are Independent Problems},
    booktitle = {{FSTTCS}},
    year      = 2019,
    pages     = {51:1--51:15},
}

@incollection{Thomas90,
    author    = {Wolfgang Thomas},
    title     = {Automata on Infinite Objects},
    booktitle = {Handbook of Theoretical Computer Science, Volume {B:} Formal Models
                 and Semantics},
    year      = {1990},
    pages     = {133--191},
    editor    = {Jan van Leeuwen},
    publisher = {Elsevier and {MIT} Press},
    doi       = {10.1016/b978-0-444-88074-1.50009-3},
}

@inproceedings{TorreMP07,
    author    = {Salvatore La Torre and
                 Parthasarathy Madhusudan and
                 Gennaro Parlato},
    title     = {A Robust Class of Context-Sensitive Languages},
    booktitle = {{LICS}},
    year      = {2007},
    pages     = {161--170},
    publisher = {{IEEE} Computer Society},
    doi       = {10.1109/LICS.2007.9},
}

@article{TorreNP20,
    author  = {Salvatore La Torre and
               Margherita Napoli and
               Gennaro Parlato},
    title   = {Reachability of scope-bounded multistack pushdown systems},
    journal = {Inf. Comput.},
    year    = {2020},
    volume  = {275},
    pages   = {104588},
    doi     = {10.1016/j.ic.2020.104588},
}


@article{Tseytin68,
    author  = {G.S. Tseytin},
    title   = {On the complexity of derivation in propositional calculus},
    journal = {{Zapiski Nauchnykh Seminarov LOMI}},
    year    = {1968},
    pages   = {234--259},
    number  = 8,
}

@article{Turing36,
    author  = {Alan M. Turing},
    title   = {On Computable Numbers, with an Application to the {E}ntscheidungsproblem},
    journal = {Proceedings of the London Mathematical Society},
    year    = 1936,
    volume  = 2,
    pages   = {230--265},
    number  = 42,
}

@article{Valiant75,
    author  = {Leslie G. Valiant},
    title   = {Regularity and Related Problems for Deterministic Pushdown Automata},
    journal = {J. {ACM}},
    year    = 1975,
    volume  = 22,
    pages   = {1--10},
    number  = 1,
}


@article{vanLeeuwen78,
    author  = {J. van Leeuwen},
    title   = {Effective Constructions in Well-Partially-Ordered Free Monoids},
    journal = {Discrete Mathematics},
    year    = 1978,
    volume  = 21,
    number  = 3,
}


@inproceedings{Vardi18,
    author    = {Moshe Y. Vardi},
    title     = {The Siren Song of Temporal Synthesis ({I}nvited Talk)},
    booktitle = {{CONCUR}},
    year      = {2018},
    volume    = {118},
    series    = {LIPIcs},
    pages     = {1:1--1:1},
    editor    = {Sven Schewe and
                 Lijun Zhang},
    publisher = {Schloss Dagstuhl - Leibniz-Zentrum f{\"{u}}r Informatik},
    doi       = {10.4230/LIPIcs.CONCUR.2018.1},
}



@inproceedings{Vardi98,
    author    = {Moshe Y. Vardi},
    title     = {Reasoning about The Past with Two-Way Automata},
    booktitle = {ICALP},
    year      = {1998},
    volume    = {1443},
    series    = {LNCS},
    pages     = {628--641},
    editor    = {Kim Guldstrand Larsen and
                 Sven Skyum and
                 Glynn Winskel},
    publisher = {Springer},
    doi       = {10.1007/BFb0055090},
}


@inproceedings{VermaSS05,
    author    = {K. N. Verma and H. Seidl and T. Schwentick},
    title     = {On the Complexity of Equational {H}orn Clauses},
    booktitle = {{CADE}},
    year      = 2005,
    pages     = {337--352},
    publisher = {Springer},
}

@article{Walukiewicz01,
    author  = {Igor Walukiewicz},
    title   = {Pushdown Processes: {G}ames and Model-Checking},
    journal = {Inf. Comput.},
    year    = {2001},
    volume  = {164},
    pages   = {234--263},
    doi     = {10.1006/inco.2000.2894},
    number  = {2},
}

@article{Walukiewicz02,
    author  = {Igor Walukiewicz},
    title   = {Monadic second-order logic on tree-like structures},
    journal = {Theor. Comput. Sci.},
    year    = {2002},
    volume  = {275},
    pages   = {311--346},
    doi     = {10.1016/S0304-3975(01)00185-2},
    number  = {1-2},
}

@book{Wimmel08,
    author    = {Wimmel, H.},
    title     = {{E}ntscheidbarkeit bei {P}etri {N}etzen: {Ü}berblick und {K}ompendium},
    year      = 2008,
    series    = {eXamen.press},
    publisher = {Springer},
}

@inproceedings{Zetzsche13,
    author    = {Georg Zetzsche},
    title     = {Silent Transitions in Automata with Storage},
    booktitle = {ICALP},
    year      = {2013},
    pages     = {434--445},
}

@inproceedings{Zetzsche15a,
    author    = {G. Zetzsche},
    title     = {Computing Downward Closures for Stacked Counter Automata},
    booktitle = {{STACS}},
    year      = 2015,
    series    = {LIPIcs},
    publisher = {Dagstuhl},
}

@inproceedings{Zetzsche15b,
    author    = {G. Zetzsche},
    title     = {An Approach to Computing Downward Closures},
    booktitle = {ICALP},
    year      = 2015,
    series    = {LNCS},
    publisher = {Springer},
}

@inproceedings{Zetzsche15c,
    author    = {Georg Zetzsche},
    title     = {The Emptiness Problem for Valence Automata or: {A}nother Decidable Extension
                 of {P}etri Nets},
    booktitle = {RP},
    year      = {2015},
    pages     = {166--178},
}

@thesis{Zetzsche15d,
    author      = {Georg Zetzsche},
    title       = {Monoids as Storage Mechanisms},
    year        = {2015},
    institution = {TU Kaiserslautern},
    type        = {PhD thesis},
}

@inproceedings{Zetzsche16,
    author    = {G. Zetzsche},
    title     = {The Complexity of Downward Closure Comparisons},
    booktitle = {ICALP},
    year      = 2016,
    volume    = 55,
    series    = {LIPIcs},
    pages     = {123:1--123:14},
    publisher = {Dagstuhl},
}

@article{BarozziniCCP22,
  author       = {David Barozzini and
                  Lorenzo Clemente and
                  Thomas Colcombet and
                  Pawel Parys},
  title        = {Cost Automata, Safe Schemes, and Downward Closures},
  journal      = {Fundam. Informaticae},
  volume       = {188},
  number       = {3},
  pages        = {127--178},
  year         = {2022},
  doi          = {10.3233/FI-222145},
  timestamp    = {Thu, 08 Jun 2023 18:29:01 +0200},
  biburl       = {https://dblp.org/rec/journals/fuin/BarozziniCCP22.bib},
  bibsource    = {dblp computer science bibliography, https://dblp.org}
}

@article{Zetzsche21,
    author  = {Georg Zetzsche},
    title   = {The emptiness problem for valence automata over graph monoids},
    journal = {Inf. Comput.},
    year    = {2021},
    volume  = {277},
    pages   = {104583},
    doi     = {10.1016/j.ic.2020.104583},
}

@article{Zielonka98,
    author    = {W. Zielonka},
    title     = {Infinite Games on Finitely Coloured Graphs with Applications to Automata on Infinite Trees},
    journal   = {Theor. Comput. Sci.},
    year      = {1998},
    volume    = {200},
    pages     = {135--183},
    publisher = {Elsevier},
    number    = {1-2},
}
